<?xml version="1.0" encoding="UTF-8"?>
<OAI-PMH xmlns="http://www.openarchives.org/OAI/2.0/" xmlns:xsi="http://www.w3.org/2001/XMLSchema-instance" xsi:schemaLocation="http://www.openarchives.org/OAI/2.0/ http://www.openarchives.org/OAI/2.0/OAI-PMH.xsd">
  <responseDate>2021-02-17T21:03:14Z</responseDate>
  <request verb="ListRecords" resumptionToken="2021-01-05T20:23:37Z@2021-01-08T02:23:37Z@blacklight@marc21@12731235470003811">https://na02.alma.exlibrisgroup.com/view/oai/01TULI_INST/request</request>
  <ListRecords>
    <record>
      <header>
        <identifier>oai:alma.01TULI_INST:991037067366603811</identifier>
        <datestamp>2021-01-05T21:53:11Z</datestamp>
        <setSpec>blacklight</setSpec>
      </header>
      <metadata>
        <record xmlns="http://www.loc.gov/MARC21/slim" xmlns:xsi="http://www.w3.org/2001/XMLSchema-instance" xsi:schemaLocation="http://www.loc.gov/MARC21/slim http://www.loc.gov/standards/marcxml/schema/MARC21slim.xsd">
          <leader>01395nam  2200349 i 4500</leader>
          <controlfield tag="001">991037067366603811</controlfield>
          <controlfield tag="005">20200908193326.0</controlfield>
          <controlfield tag="006">m     o  d |      </controlfield>
          <controlfield tag="007">cr nn 008mamaa</controlfield>
          <controlfield tag="008">200908s2019    sz      o     000 0 eng d</controlfield>
          <datafield tag="020" ind1=" " ind2=" ">
            <subfield code="a">3-319-73645-0</subfield>
          </datafield>
          <datafield tag="024" ind1="7" ind2=" ">
            <subfield code="a">10.1007/978-3-319-73645-7</subfield>
            <subfield code="2">doi</subfield>
          </datafield>
          <datafield tag="035" ind1=" " ind2=" ">
            <subfield code="a">(CKB)4100000008280515</subfield>
          </datafield>
          <datafield tag="035" ind1=" " ind2=" ">
            <subfield code="a">(DE-He213)978-3-319-73645-7</subfield>
          </datafield>
          <datafield tag="035" ind1=" " ind2=" ">
            <subfield code="a">(MiAaPQ)EBC5924624</subfield>
          </datafield>
          <datafield tag="035" ind1=" " ind2=" ">
            <subfield code="a">(EXLCZ)994100000008280515</subfield>
          </datafield>
          <datafield tag="040" ind1=" " ind2=" ">
            <subfield code="a">MiAaPQ</subfield>
            <subfield code="b">eng</subfield>
            <subfield code="e">rda</subfield>
            <subfield code="e">pn</subfield>
            <subfield code="c">MiAaPQ</subfield>
            <subfield code="d">MiAaPQ</subfield>
          </datafield>
          <datafield tag="050" ind1=" " ind2="4">
            <subfield code="a">TA403.6</subfield>
            <subfield code="b">.H363 2019</subfield>
          </datafield>
          <datafield tag="072" ind1=" " ind2="7">
            <subfield code="a">TGMT</subfield>
            <subfield code="2">bicssc</subfield>
          </datafield>
          <datafield tag="072" ind1=" " ind2="7">
            <subfield code="a">TEC021000</subfield>
            <subfield code="2">bisacsh</subfield>
          </datafield>
          <datafield tag="072" ind1=" " ind2="7">
            <subfield code="a">TGMT</subfield>
            <subfield code="2">thema</subfield>
          </datafield>
          <datafield tag="082" ind1="0" ind2=" ">
            <subfield code="a">620.110286</subfield>
            <subfield code="2">23</subfield>
          </datafield>
          <datafield tag="245" ind1="0" ind2="0">
            <subfield code="a">Handbook of environmental materials management /</subfield>
            <subfield code="c">Chaudhery Mustansar Hussain, editor.</subfield>
          </datafield>
          <datafield tag="250" ind1=" " ind2=" ">
            <subfield code="a">1st ed. 2019.</subfield>
          </datafield>
          <datafield tag="264" ind1=" " ind2="1">
            <subfield code="a">Cham, Switzerland :</subfield>
            <subfield code="b">Springer,</subfield>
            <subfield code="c">2019.</subfield>
          </datafield>
          <datafield tag="300" ind1=" " ind2=" ">
            <subfield code="a">1 online resource (811 illus., 568 illus. in color. eReference.) </subfield>
          </datafield>
          <datafield tag="336" ind1=" " ind2=" ">
            <subfield code="a">text</subfield>
            <subfield code="b">txt</subfield>
            <subfield code="2">rdacontent</subfield>
          </datafield>
          <datafield tag="337" ind1=" " ind2=" ">
            <subfield code="a">computer</subfield>
            <subfield code="b">c</subfield>
            <subfield code="2">rdamedia</subfield>
          </datafield>
          <datafield tag="338" ind1=" " ind2=" ">
            <subfield code="a">online resource</subfield>
            <subfield code="b">cr</subfield>
            <subfield code="2">rdacarrier</subfield>
          </datafield>
          <datafield tag="490" ind1="1" ind2=" ">
            <subfield code="a">Springer Reference</subfield>
          </datafield>
          <datafield tag="505" ind1="0" ind2=" ">
            <subfield code="a">Introduction -- Modern inventive perspective of environmental materials management -- Major Environmental Issue and problems -- Environmental Site Remediation -- Hazardous Waste Management -- Management of Radioactive Wastes Section V: Management of Special Waste: CO2, CH4 , NOx, SO2, Carbon Particles and Oil Spills -- Environmental Analysis -- Environmental Treatment Technologies -- Environmental Management of Biomaterials -- Environmental Modeling (Mathematical Modeling and Environmental Problems) -- Environmental Nanotechnology: Management of Nano-Waste or Nanomaterials -- Fate and Transport of Pollutants: LCA -- Environmental Risk Assessment -- Environmental Policy, Laws and Economics -- Pollution Prevention, Sustainability, and a Green World -- The Future of Modern Environmental Materials Management. .</subfield>
          </datafield>
          <datafield tag="520" ind1=" " ind2=" ">
            <subfield code="a">This reference work analyzes and assesses global environmental management techniques for environmental materials with a focus on their performance and economic benefits, proposing eco-friendly solutions and designating policies that will sustain the environment for future generations. It addresses management of environmental materials as not only a complex anthropogenic problem, but also as an expensive problem that needs to be managed sustainably. Simultaneously, it considers the environmental and economic benefits involved in the high levels of investment and operation costs required to develop effective materials collection and management systems in modern society. .</subfield>
          </datafield>
          <datafield tag="588" ind1=" " ind2=" ">
            <subfield code="a">Description based on print version record.</subfield>
          </datafield>
          <datafield tag="650" ind1=" " ind2="0">
            <subfield code="a">Materials</subfield>
            <subfield code="x">Environmental aspects.</subfield>
          </datafield>
          <datafield tag="650" ind1=" " ind2="0">
            <subfield code="a">Environmental management.</subfield>
          </datafield>
          <datafield tag="655" ind1=" " ind2="4">
            <subfield code="a">Electronic books.</subfield>
          </datafield>
          <datafield tag="776" ind1=" " ind2=" ">
            <subfield code="z">3-319-73644-2</subfield>
          </datafield>
          <datafield tag="700" ind1="1" ind2=" ">
            <subfield code="a">Hussain, Chaudhery Mustansar,</subfield>
            <subfield code="e">editor.</subfield>
          </datafield>
          <datafield tag="830" ind1=" " ind2="0">
            <subfield code="a">Springer reference.</subfield>
          </datafield>
          <datafield tag="906" ind1=" " ind2=" ">
            <subfield code="a">BOOK</subfield>
          </datafield>
          <datafield tag="ADM" ind1=" " ind2=" ">
            <subfield code="b">2020-09-19 14:30:06</subfield>
            <subfield code="e">(CKB)4100000008280515</subfield>
            <subfield code="d">CKB</subfield>
            <subfield code="a">2019-06-08 20:26:08</subfield>
            <subfield code="c">false</subfield>
          </datafield>
          <datafield tag="PRT" ind1=" " ind2=" ">
            <subfield code="i">61446843650003811</subfield>
            <subfield code="updated">2019-06-17 13:02:22</subfield>
            <subfield code="e">Springer Link</subfield>
            <subfield code="c">Springer Chemistry and Materials Science eBooks 2019 English/International</subfield>
            <subfield code="created">2019-06-17 13:02:22</subfield>
            <subfield code="j">62446843640003811</subfield>
            <subfield code="a">53469036000003811</subfield>
            <subfield code="b">https://sandbox01-na.alma.exlibrisgroup.com/view/uresolver/01TULI_INST/openurl?u.ignore_date_coverage=true&amp;rft.mms_id=991037067366603811</subfield>
            <subfield code="9">Available</subfield>
            <subfield code="h">614900000000000967</subfield>
            <subfield code="8">53469036000003811</subfield>
          </datafield>
        </record>
      </metadata>
    </record>