
    <record>
      <header>
        <identifier>oai:alma.01TULI_INST:991037067363203811</identifier>
        <datestamp>2021-01-05T21:52:55Z</datestamp>
        <setSpec>blacklight</setSpec>
      </header>
      <metadata>
        <record xmlns="http://www.loc.gov/MARC21/slim" xmlns:xsi="http://www.w3.org/2001/XMLSchema-instance" xsi:schemaLocation="http://www.loc.gov/MARC21/slim http://www.loc.gov/standards/marcxml/schema/MARC21slim.xsd">
          <leader>04796nam a22004575i 4500</leader>
          <controlfield tag="001">991037067363203811</controlfield>
          <controlfield tag="005">20190617221306.0</controlfield>
          <controlfield tag="006">m     o  d |      </controlfield>
          <controlfield tag="007">cr cnu||||||||</controlfield>
          <controlfield tag="008">190507s2019    gw |    o    |||| 0|eng d</controlfield>
          <datafield tag="020" ind1=" " ind2=" ">
            <subfield code="a">3-030-12775-3</subfield>
          </datafield>
          <datafield tag="024" ind1="7" ind2=" ">
            <subfield code="a">10.1007/978-3-030-12775-6</subfield>
            <subfield code="2">doi</subfield>
          </datafield>
          <datafield tag="035" ind1=" " ind2=" ">
            <subfield code="a">(CKB)4100000008153851</subfield>
          </datafield>
          <datafield tag="035" ind1=" " ind2=" ">
            <subfield code="a">(MiAaPQ)EBC5771042</subfield>
          </datafield>
          <datafield tag="035" ind1=" " ind2=" ">
            <subfield code="a">(DE-He213)978-3-030-12775-6</subfield>
          </datafield>
          <datafield tag="035" ind1=" " ind2=" ">
            <subfield code="a">(EXLCZ)994100000008153851</subfield>
          </datafield>
          <datafield tag="050" ind1=" " ind2="4">
            <subfield code="a">RC1200-1245</subfield>
          </datafield>
          <datafield tag="072" ind1=" " ind2="7">
            <subfield code="a">MMS</subfield>
            <subfield code="2">bicssc</subfield>
          </datafield>
          <datafield tag="072" ind1=" " ind2="7">
            <subfield code="a">MED084000</subfield>
            <subfield code="2">bisacsh</subfield>
          </datafield>
          <datafield tag="072" ind1=" " ind2="7">
            <subfield code="a">MKW</subfield>
            <subfield code="2">thema</subfield>
          </datafield>
          <datafield tag="082" ind1="0" ind2=" ">
            <subfield code="a">617.572044</subfield>
            <subfield code="2">23</subfield>
          </datafield>
          <datafield tag="245" ind1="1" ind2="0">
            <subfield code="a">Mechanics, Pathomechanics and Injury in the Overhead Athlete</subfield>
            <subfield code="h">[electronic resource] :</subfield>
            <subfield code="b">A Case-Based Approach to Evaluation, Diagnosis and Management /</subfield>
            <subfield code="c">edited by W. Ben Kibler, Aaron D. Sciascia.</subfield>
          </datafield>
          <datafield tag="250" ind1=" " ind2=" ">
            <subfield code="a">1st ed. 2019.</subfield>
          </datafield>
          <datafield tag="264" ind1=" " ind2="1">
            <subfield code="a">Cham :</subfield>
            <subfield code="b">Springer International Publishing :</subfield>
            <subfield code="b">Imprint: Springer,</subfield>
            <subfield code="c">2019.</subfield>
          </datafield>
          <datafield tag="300" ind1=" " ind2=" ">
            <subfield code="a">1 online resource (345 pages)</subfield>
          </datafield>
          <datafield tag="336" ind1=" " ind2=" ">
            <subfield code="a">text</subfield>
            <subfield code="b">txt</subfield>
            <subfield code="2">rdacontent</subfield>
          </datafield>
          <datafield tag="337" ind1=" " ind2=" ">
            <subfield code="a">computer</subfield>
            <subfield code="b">c</subfield>
            <subfield code="2">rdamedia</subfield>
          </datafield>
          <datafield tag="338" ind1=" " ind2=" ">
            <subfield code="a">online resource</subfield>
            <subfield code="b">cr</subfield>
            <subfield code="2">rdacarrier</subfield>
          </datafield>
          <datafield tag="500" ind1=" " ind2=" ">
            <subfield code="a">Includes index.</subfield>
          </datafield>
          <datafield tag="505" ind1="0" ind2=" ">
            <subfield code="a">Part I: Basic Principles of the Overhead Athlete -- Mechanics of the Overhead Motion -- Pathomechanics and Injury in the Overhead Motion -- When Load Becomes Overload -- Information Gathering for Evaluation and Treatment -- Principles of Comprehensive Evaluation -- Principles of Surgical Evaluation and Techniques: Shoulder -- Principles of Surgical Evaluation and Techniques: Elbow -- Principles for Rehabilitation in the Overhead Athlete -- Criteria and Expectations for Return to Play -- Principles of Injury Risk Modification. -- Measurement of Outcomes -- Part II: Clinical Cases of the Overhead Athlete -- 12 y.o. baseball: when to specialize, basics of instruction, role of camps -- 15 y.o. tennis: sore shoulder, no obvious injury -- 16 y.o. softball pitcher: sore shoulder -- 16 y.o. baseball: sore elbow -- 18 y.o. male thrower: AC joint injury -- 19 y.o. thrower: shoulder injury -- 20 y.o. female swimmer: sore shoulder -- 20 y.o. thrower: elbow injury -- 22 y.o. female tennis player: MDI, shoulder pain -- 22 y.o. thrower: grade 2 AC injury and SLAP -- 24 y.o. thrower: dislocation sliding into base -- 25 y.o. recreational athlete: chronic shoulder pain, increased symptoms -- 27 y.o. thrower: failed “labral repair” -- 28 y.o. volleyball player: sore shoulder -- 32 y.o. recreational athlete: labral, biceps, partial rot cuff -- 40 y.o. recreational: rotator cuff tear and repair -- 50 y.o. female masters swimmer: sore shoulder -- 65 y.o. tennis/golf: post TSA -- 60 y.o. athlete: mild shoulder arthritis -- 65 y.o. tennis/golf: post TSA. .</subfield>
          </datafield>
          <datafield tag="520" ind1=" " ind2=" ">
            <subfield code="a">As clinical interest in overhead athletic injuries is on the upswing, so is greater interest in the factors for performance and injury risk in throwing and other overhead motion. This practical, case-based text is divided into two sections and will present the basic principles of overhead athletes followed by unique clinical case presentations describing different aspects of performance, injury and management in throwing and other overhead athletes. Part I discusses the mechanics and pathomechanics of the overhead motion, along with principles of evaluation, the physical exam, surgical management of both the shoulder and elbow, rehabilitation and return to play, injury risk modification, and the role of the scapula. Unique clinical cases comprise all of part II and follow a consistent format covering the history, exam, imaging, diagnosis and outcome of the chosen intervention. These cases illustrate a cross-section of sports and activities, from the baseball player to the swimmer, and a range of shoulder and elbow problems in pediatric and adult overhead athletes Providing a unique case-based approach to a growing hot topic, Mechanics, Pathomechanics and Injury in the Overhead Athlete is an ideal resource for orthopedic surgeons, sports medicine specialists, physiatrists, physical therapists, certified athletic trainers and allied medical professions treating active persons of all ages.</subfield>
          </datafield>
          <datafield tag="650" ind1=" " ind2="0">
            <subfield code="a">Sports medicine.</subfield>
          </datafield>
          <datafield tag="650" ind1=" " ind2="0">
            <subfield code="a">Orthopedics.</subfield>
          </datafield>
          <datafield tag="650" ind1="1" ind2="4">
            <subfield code="a">Sports Medicine.</subfield>
            <subfield code="0">http://scigraph.springernature.com/things/product-market-codes/H58005</subfield>
          </datafield>
          <datafield tag="650" ind1="2" ind2="4">
            <subfield code="a">Orthopedics.</subfield>
            <subfield code="0">http://scigraph.springernature.com/things/product-market-codes/H45000</subfield>
          </datafield>
          <datafield tag="776" ind1=" " ind2=" ">
            <subfield code="z">3-030-12774-5</subfield>
          </datafield>
          <datafield tag="700" ind1="1" ind2=" ">
            <subfield code="a">Kibler, W. Ben.</subfield>
            <subfield code="e">editor.</subfield>
            <subfield code="4">edt</subfield>
            <subfield code="4">http://id.loc.gov/vocabulary/relators/edt</subfield>
          </datafield>
          <datafield tag="700" ind1="1" ind2=" ">
            <subfield code="a">Sciascia, Aaron D.</subfield>
            <subfield code="e">editor.</subfield>
            <subfield code="4">edt</subfield>
            <subfield code="4">http://id.loc.gov/vocabulary/relators/edt</subfield>
          </datafield>
          <datafield tag="906" ind1=" " ind2=" ">
            <subfield code="a">BOOK</subfield>
          </datafield>
          <datafield tag="ADM" ind1=" " ind2=" ">
            <subfield code="b">2019-10-24 08:08:09</subfield>
            <subfield code="e">(CKB)4100000008153851</subfield>
            <subfield code="d">EBC</subfield>
            <subfield code="a">2019-05-04 20:02:20</subfield>
            <subfield code="c">false</subfield>
          </datafield>
          <datafield tag="PRT" ind1=" " ind2=" ">
            <subfield code="i">61446976200003811</subfield>
            <subfield code="updated">2019-06-17 13:03:28</subfield>
            <subfield code="e">Springer Link</subfield>
            <subfield code="c">Springer Medicine eBooks 2019 English/International</subfield>
            <subfield code="created">2019-06-17 13:03:28</subfield>
            <subfield code="j">62446976190003811</subfield>
            <subfield code="a">53469034880003811</subfield>
            <subfield code="b">https://sandbox01-na.alma.exlibrisgroup.com/view/uresolver/01TULI_INST/openurl?u.ignore_date_coverage=true&amp;rft.mms_id=991037067363203811</subfield>
            <subfield code="9">Available</subfield>
            <subfield code="h">614900000000000978</subfield>
            <subfield code="8">53469034880003811</subfield>
          </datafield>
        </record>
      </metadata>
    </record>