
    <record>
      <header>
        <identifier>oai:alma.01TULI_INST:991037067367403811</identifier>
        <datestamp>2021-01-05T21:52:28Z</datestamp>
        <setSpec>blacklight</setSpec>
      </header>
      <metadata>
        <record xmlns="http://www.loc.gov/MARC21/slim" xmlns:xsi="http://www.w3.org/2001/XMLSchema-instance" xsi:schemaLocation="http://www.loc.gov/MARC21/slim http://www.loc.gov/standards/marcxml/schema/MARC21slim.xsd">
          <leader>05302nam a22005775i 4500</leader>
          <controlfield tag="001">991037067367403811</controlfield>
          <controlfield tag="005">20190617152426.0</controlfield>
          <controlfield tag="006">m     o  d |      </controlfield>
          <controlfield tag="007">cr cnu||||||||</controlfield>
          <controlfield tag="008">190517s2019    gw |    o    |||| 0|eng d</controlfield>
          <datafield tag="020" ind1=" " ind2=" ">
            <subfield code="a">3-030-17470-0</subfield>
          </datafield>
          <datafield tag="024" ind1="7" ind2=" ">
            <subfield code="a">10.1007/978-3-030-17470-5</subfield>
            <subfield code="2">doi</subfield>
          </datafield>
          <datafield tag="035" ind1=" " ind2=" ">
            <subfield code="a">(CKB)4100000008217488</subfield>
          </datafield>
          <datafield tag="035" ind1=" " ind2=" ">
            <subfield code="a">(MiAaPQ)EBC5776077</subfield>
          </datafield>
          <datafield tag="035" ind1=" " ind2=" ">
            <subfield code="a">(DE-He213)978-3-030-17470-5</subfield>
          </datafield>
          <datafield tag="035" ind1=" " ind2=" ">
            <subfield code="a">(EXLCZ)994100000008217488</subfield>
          </datafield>
          <datafield tag="050" ind1=" " ind2="4">
            <subfield code="a">TA1750-1750.22</subfield>
          </datafield>
          <datafield tag="072" ind1=" " ind2="7">
            <subfield code="a">TJFD</subfield>
            <subfield code="2">bicssc</subfield>
          </datafield>
          <datafield tag="072" ind1=" " ind2="7">
            <subfield code="a">TEC021000</subfield>
            <subfield code="2">bisacsh</subfield>
          </datafield>
          <datafield tag="072" ind1=" " ind2="7">
            <subfield code="a">TJFD</subfield>
            <subfield code="2">thema</subfield>
          </datafield>
          <datafield tag="082" ind1="0" ind2=" ">
            <subfield code="a">510.1</subfield>
            <subfield code="2">23</subfield>
          </datafield>
          <datafield tag="245" ind1="1" ind2="0">
            <subfield code="a">Wave Dynamics, Mechanics and Physics of Microstructured Metamaterials</subfield>
            <subfield code="h">[electronic resource] :</subfield>
            <subfield code="b">Theoretical and Experimental Methods  /</subfield>
            <subfield code="c">edited by Mezhlum A. Sumbatyan.</subfield>
          </datafield>
          <datafield tag="250" ind1=" " ind2=" ">
            <subfield code="a">1st ed. 2019.</subfield>
          </datafield>
          <datafield tag="264" ind1=" " ind2="1">
            <subfield code="a">Cham :</subfield>
            <subfield code="b">Springer International Publishing :</subfield>
            <subfield code="b">Imprint: Springer,</subfield>
            <subfield code="c">2019.</subfield>
          </datafield>
          <datafield tag="300" ind1=" " ind2=" ">
            <subfield code="a">1 online resource (262 pages)</subfield>
          </datafield>
          <datafield tag="336" ind1=" " ind2=" ">
            <subfield code="a">text</subfield>
            <subfield code="b">txt</subfield>
            <subfield code="2">rdacontent</subfield>
          </datafield>
          <datafield tag="337" ind1=" " ind2=" ">
            <subfield code="a">computer</subfield>
            <subfield code="b">c</subfield>
            <subfield code="2">rdamedia</subfield>
          </datafield>
          <datafield tag="338" ind1=" " ind2=" ">
            <subfield code="a">online resource</subfield>
            <subfield code="b">cr</subfield>
            <subfield code="2">rdacarrier</subfield>
          </datafield>
          <datafield tag="490" ind1="1" ind2=" ">
            <subfield code="a">Advanced Structured Materials,</subfield>
            <subfield code="x">1869-8433 ;</subfield>
            <subfield code="v">109</subfield>
          </datafield>
          <datafield tag="505" ind1="0" ind2=" ">
            <subfield code="a">About different models of anisotropic surface effects for nanosized bodies made of active materials -- An analytical method for an acoustic wave propagation through a finite periodic array of identical cracks -- Simulation of the surface structure of polymer thin films -- On the equations of the surface elasticity model based on the theory of polymeric brushes -- Plane problem on identification of arrays of cracks by the ultrasonic scanning -- Diffraction of the high-frequency waves by arrays of obstacles in the two-dimensional elastic medium, with multiple reflections and transformations -- Numerical investigation of porous elastic metamaterials effective moduli for various structures of spherical pores with surface stresses -- An experimental model of the acoustic wave propagation through a cascading triple-periodic array of cylindrical holes -- On anti-plane surface waves considering highly anisotropic surface elasticity constitutive relations -- Plane problem on identification of elliptic voids in a layered elastic medium -- On weak solutions of boundary-value problems within the highly anisotropic surface elasticity -- Energy characteristics of waves in elastic medium with surface stresses -- Propagation of ultrasonic waves through a system of solid inclusions in the elastic matrix of a metamaterial, with arbitrary reflections and transformations -- The experimental study of a metamaterial with a triple-periodic microstructure on the epoxy base -- Finite element analysis of thermal conductivity for anisotropic two-phase materials with interphase properties inheriting anisotropy of the parent phases -- Finite element study of ceramomatrix piezocomposites with mechanical interface properties by the effective moduli method with different types of boundary conditions -- Homogenization of piezoelectric composites with internal structure and inhomogeneous polarization in ACELAN-COMPOS finite element package -- The properties of acoustic filter in the periodic system of elliptical voids.</subfield>
          </datafield>
          <datafield tag="520" ind1=" " ind2=" ">
            <subfield code="a">This book addresses theoretical and experimental methods for exploring microstructured metamaterials, with a special focus on wave dynamics, mechanics, and related physical properties. The authors use various mathematical and physical approaches to examine the mechanical properties inherent to particular types of metamaterials. These include: • Boundary value problems in reduced strain gradient elasticity for composite fiber-reinforced metamaterials • Self-organization of molecules in ferroelectric thin films • Combined models for surface layers of nanostructures • Computer simulation at the micro- and nanoscale • Surface effects with anisotropic properties and imperfect temperature contacts • Inhomogeneous anisotropic metamaterials with uncoupled and coupled surfaces or interfaces • Special interface finite elements and other numerical and analytical methods for composite structures .</subfield>
          </datafield>
          <datafield tag="650" ind1=" " ind2="0">
            <subfield code="a">Optical materials.</subfield>
          </datafield>
          <datafield tag="650" ind1=" " ind2="0">
            <subfield code="a">Electronic materials.</subfield>
          </datafield>
          <datafield tag="650" ind1=" " ind2="0">
            <subfield code="a">Nanotechnology.</subfield>
          </datafield>
          <datafield tag="650" ind1=" " ind2="0">
            <subfield code="a">Nanoscale science.</subfield>
          </datafield>
          <datafield tag="650" ind1=" " ind2="0">
            <subfield code="a">Nanoscience.</subfield>
          </datafield>
          <datafield tag="650" ind1=" " ind2="0">
            <subfield code="a">Nanostructures.</subfield>
          </datafield>
          <datafield tag="650" ind1=" " ind2="0">
            <subfield code="a">Mechanics.</subfield>
          </datafield>
          <datafield tag="650" ind1=" " ind2="0">
            <subfield code="a">Mechanics, Applied.</subfield>
          </datafield>
          <datafield tag="650" ind1="1" ind2="4">
            <subfield code="a">Optical and Electronic Materials.</subfield>
            <subfield code="0">http://scigraph.springernature.com/things/product-market-codes/Z12000</subfield>
          </datafield>
          <datafield tag="650" ind1="2" ind2="4">
            <subfield code="a">Nanotechnology and Microengineering.</subfield>
            <subfield code="0">http://scigraph.springernature.com/things/product-market-codes/T18000</subfield>
          </datafield>
          <datafield tag="650" ind1="2" ind2="4">
            <subfield code="a">Nanoscale Science and Technology.</subfield>
            <subfield code="0">http://scigraph.springernature.com/things/product-market-codes/P25140</subfield>
          </datafield>
          <datafield tag="650" ind1="2" ind2="4">
            <subfield code="a">Solid Mechanics.</subfield>
            <subfield code="0">http://scigraph.springernature.com/things/product-market-codes/T15010</subfield>
          </datafield>
          <datafield tag="776" ind1=" " ind2=" ">
            <subfield code="z">3-030-17469-7</subfield>
          </datafield>
          <datafield tag="700" ind1="1" ind2=" ">
            <subfield code="a">Sumbatyan, Mezhlum A.</subfield>
            <subfield code="e">editor.</subfield>
            <subfield code="4">edt</subfield>
            <subfield code="4">http://id.loc.gov/vocabulary/relators/edt</subfield>
          </datafield>
          <datafield tag="830" ind1=" " ind2="0">
            <subfield code="a">Advanced Structured Materials,</subfield>
            <subfield code="x">1869-8433 ;</subfield>
            <subfield code="v">109</subfield>
          </datafield>
          <datafield tag="906" ind1=" " ind2=" ">
            <subfield code="a">BOOK</subfield>
          </datafield>
          <datafield tag="ADM" ind1=" " ind2=" ">
            <subfield code="b">2019-10-24 22:57:40</subfield>
            <subfield code="e">(CKB)4100000008217488</subfield>
            <subfield code="d">CKB</subfield>
            <subfield code="a">2019-06-01 20:10:50</subfield>
            <subfield code="c">false</subfield>
          </datafield>
          <datafield tag="PRT" ind1=" " ind2=" ">
            <subfield code="i">61446843650003811</subfield>
            <subfield code="updated">2019-06-17 13:02:20</subfield>
            <subfield code="e">Springer Link</subfield>
            <subfield code="c">Springer Chemistry and Materials Science eBooks 2019 English/International</subfield>
            <subfield code="created">2019-06-17 13:02:20</subfield>
            <subfield code="j">62446843640003811</subfield>
            <subfield code="a">53469036240003811</subfield>
            <subfield code="b">https://sandbox01-na.alma.exlibrisgroup.com/view/uresolver/01TULI_INST/openurl?u.ignore_date_coverage=true&amp;rft.mms_id=991037067367403811</subfield>
            <subfield code="9">Available</subfield>
            <subfield code="h">614900000000000967</subfield>
            <subfield code="8">53469036240003811</subfield>
          </datafield>
        </record>
      </metadata>
    </record>