
    <record>
      <header>
        <identifier>oai:alma.01TULI_INST:991037067358803811</identifier>
        <datestamp>2021-01-05T21:52:17Z</datestamp>
        <setSpec>blacklight</setSpec>
      </header>
      <metadata>
        <record xmlns="http://www.loc.gov/MARC21/slim" xmlns:xsi="http://www.w3.org/2001/XMLSchema-instance" xsi:schemaLocation="http://www.loc.gov/MARC21/slim http://www.loc.gov/standards/marcxml/schema/MARC21slim.xsd">
          <leader>06071nam a22005295i 4500</leader>
          <controlfield tag="001">991037067358803811</controlfield>
          <controlfield tag="005">20190523072916.0</controlfield>
          <controlfield tag="006">m     o  d |      </controlfield>
          <controlfield tag="007">cr cnu||||||||</controlfield>
          <controlfield tag="008">190523s2019    gw |    o    |||| 0|eng d</controlfield>
          <datafield tag="020" ind1=" " ind2=" ">
            <subfield code="a">3-030-13909-3</subfield>
          </datafield>
          <datafield tag="024" ind1="7" ind2=" ">
            <subfield code="a">10.1007/978-3-030-13909-4</subfield>
            <subfield code="2">doi</subfield>
          </datafield>
          <datafield tag="035" ind1=" " ind2=" ">
            <subfield code="a">(CKB)4100000008280434</subfield>
          </datafield>
          <datafield tag="035" ind1=" " ind2=" ">
            <subfield code="a">(MiAaPQ)EBC5779988</subfield>
          </datafield>
          <datafield tag="035" ind1=" " ind2=" ">
            <subfield code="a">(DE-He213)978-3-030-13909-4</subfield>
          </datafield>
          <datafield tag="035" ind1=" " ind2=" ">
            <subfield code="a">(EXLCZ)994100000008280434</subfield>
          </datafield>
          <datafield tag="050" ind1=" " ind2="4">
            <subfield code="a">TD419-428</subfield>
          </datafield>
          <datafield tag="072" ind1=" " ind2="7">
            <subfield code="a">TQSW</subfield>
            <subfield code="2">bicssc</subfield>
          </datafield>
          <datafield tag="072" ind1=" " ind2="7">
            <subfield code="a">TEC010000</subfield>
            <subfield code="2">bisacsh</subfield>
          </datafield>
          <datafield tag="072" ind1=" " ind2="7">
            <subfield code="a">TQSW</subfield>
            <subfield code="2">thema</subfield>
          </datafield>
          <datafield tag="072" ind1=" " ind2="7">
            <subfield code="a">KNB</subfield>
            <subfield code="2">thema</subfield>
          </datafield>
          <datafield tag="082" ind1="0" ind2=" ">
            <subfield code="a">628.35</subfield>
            <subfield code="2">23</subfield>
          </datafield>
          <datafield tag="245" ind1="1" ind2="0">
            <subfield code="a">Application of Microalgae in Wastewater Treatment</subfield>
            <subfield code="h">[electronic resource] :</subfield>
            <subfield code="b">Volume 2: Biorefinery Approaches of Wastewater Treatment /</subfield>
            <subfield code="c">edited by Sanjay Kumar Gupta, Faizal Bux.</subfield>
          </datafield>
          <datafield tag="250" ind1=" " ind2=" ">
            <subfield code="a">1st ed. 2019.</subfield>
          </datafield>
          <datafield tag="264" ind1=" " ind2="1">
            <subfield code="a">Cham :</subfield>
            <subfield code="b">Springer International Publishing :</subfield>
            <subfield code="b">Imprint: Springer,</subfield>
            <subfield code="c">2019.</subfield>
          </datafield>
          <datafield tag="300" ind1=" " ind2=" ">
            <subfield code="a">1 online resource (562 pages)</subfield>
          </datafield>
          <datafield tag="336" ind1=" " ind2=" ">
            <subfield code="a">text</subfield>
            <subfield code="b">txt</subfield>
            <subfield code="2">rdacontent</subfield>
          </datafield>
          <datafield tag="337" ind1=" " ind2=" ">
            <subfield code="a">computer</subfield>
            <subfield code="b">c</subfield>
            <subfield code="2">rdamedia</subfield>
          </datafield>
          <datafield tag="338" ind1=" " ind2=" ">
            <subfield code="a">online resource</subfield>
            <subfield code="b">cr</subfield>
            <subfield code="2">rdacarrier</subfield>
          </datafield>
          <datafield tag="504" ind1=" " ind2=" ">
            <subfield code="a">Includes bibliographical references and index.</subfield>
          </datafield>
          <datafield tag="505" ind1="0" ind2=" ">
            <subfield code="a">Chapter1: Phycoremediation of Nutrients and Valorisation of Microalgal Biomass: An Economic Perspective -- Chapter2: Astaxanthin production by microalgae Haematococcus pluvialis through wastewater treatment: waste to resource -- Chapter3: Potential of microalgae for integrated biomass production utilizing CO2 and food industry wastewater -- Chapter4: Microalgae: A biorefinary approach for the treatment of aquaculture wastewater -- Chapter5: Dual role of microalgae in wastewater treatment and biodiesel production -- Chapter6: A Biorefinery From Nannochloropsis spp. utilizing wastewater resources -- Chapter7: Cultivation of microalgae on anaerobically digested agro-industrial wastes and by-products -- Chapter8: Industrial wastewaters based microalgal biorefinery: A dual strategy to remediate waste and produce microalgal bioproducts -- Chapter9: Phyco-remediation of dairy effluents and biomass valorisation: a sustainable approach -- Chapter10: Commercial potential of Phycoremediation of wastewater: A way forward -- Chapter11: Potential biotechnological applications of microalgae grown in wastewater: A holistic approach -- Chapter12: Microalgal biofuels production from industrial and municipal wastewaters -- Chapter13: Potential of microalgae for wastewater treatment and its valorization into added-value products -- Chapter14: Microbial carbon capture cell: Advanced bioelectrochemical system for wastewater treatment, electricity generation and algal biomass production -- Chapter15: Microalgal systems for integrated carbon sequestration from flue gas and wastewater treatment -- Chapter16: Industrial waste water based algal biorefineries: Application constraints and future prospects -- Chapter17: Volarization of nutrient rich urinal wastewater by microalgae for biofuel production -- Chapter18: Comprehensive overview of biomethane production potential of algal biomass cultivated in wastewater -- Chapter19: Role of Microalgal biotechnology in environmental sustainability -- Chapter20; An integrated approach of wastewater mitigation and biomass production for biodiesel using Scenedesmus sp. -- Chapter21: Microalgae and wastewaters: From ecotoxicological interactions to produce a carbohydrate-rich biomass towards biofuel application -- Chapter22: Comprehensive evaluation of High Rate Algal Ponds: wastewater treatment and biomass production.</subfield>
          </datafield>
          <datafield tag="520" ind1=" " ind2=" ">
            <subfield code="a">This two-volume work presents comprehensive, accurate information on the present status and contemporary development in phycoremediation of various types of domestic and industrial wastewaters. The volume covers a mechanistic understanding of microalgae based treatment of wastewaters, including current challenges in the treatment of various organic and inorganic pollutants, and future opportunities of bioremediation of wastewater and industrial effluents on an algal platform. The editors compile the work of authors from around the globe, providing insight on key issues and state-of-the-art developments in algal bioremediation that is missing from the currently available body of literature. The volume hopes to serve as a much needed resource for professors, researchers and scientists interested in microalgae applications for wastewater treatment. Volume 2 addresses the various biorefinery aspects and applications of algal-based wastewater treatment in industrial and domestic contexts. The analyses are approached from multiple perspectives, including biotechnology, commercial, economic, and sustainability. The authors discuss the potential of microalgae for integrated biomass production utilizing various resources to treat wastewaters, and include evaluations of the economical and commercialization potential for such processes. .</subfield>
          </datafield>
          <datafield tag="650" ind1=" " ind2="0">
            <subfield code="a">Environmental pollution.</subfield>
          </datafield>
          <datafield tag="650" ind1=" " ind2="0">
            <subfield code="a">Microbiology.</subfield>
          </datafield>
          <datafield tag="650" ind1=" " ind2="0">
            <subfield code="a">Waste disposal.</subfield>
          </datafield>
          <datafield tag="650" ind1="1" ind2="4">
            <subfield code="a">Waste Water Technology / Water Pollution Control / Water Management / Aquatic Pollution.</subfield>
            <subfield code="0">http://scigraph.springernature.com/things/product-market-codes/U35040</subfield>
          </datafield>
          <datafield tag="650" ind1="2" ind2="4">
            <subfield code="a">Microbiology.</subfield>
            <subfield code="0">http://scigraph.springernature.com/things/product-market-codes/L23004</subfield>
          </datafield>
          <datafield tag="650" ind1="2" ind2="4">
            <subfield code="a">Waste Management/Waste Technology.</subfield>
            <subfield code="0">http://scigraph.springernature.com/things/product-market-codes/U31001</subfield>
          </datafield>
          <datafield tag="650" ind1="2" ind2="4">
            <subfield code="a">Industrial Pollution Prevention.</subfield>
            <subfield code="0">http://scigraph.springernature.com/things/product-market-codes/U35020</subfield>
          </datafield>
          <datafield tag="650" ind1="2" ind2="4">
            <subfield code="a">Applied Microbiology.</subfield>
            <subfield code="0">http://scigraph.springernature.com/things/product-market-codes/C12010</subfield>
          </datafield>
          <datafield tag="776" ind1=" " ind2=" ">
            <subfield code="z">3-030-13908-5</subfield>
          </datafield>
          <datafield tag="700" ind1="1" ind2=" ">
            <subfield code="a">Gupta, Sanjay Kumar.</subfield>
            <subfield code="e">editor.</subfield>
            <subfield code="4">edt</subfield>
            <subfield code="4">http://id.loc.gov/vocabulary/relators/edt</subfield>
          </datafield>
          <datafield tag="700" ind1="1" ind2=" ">
            <subfield code="a">Bux, Faizal.</subfield>
            <subfield code="e">editor.</subfield>
            <subfield code="4">edt</subfield>
            <subfield code="4">http://id.loc.gov/vocabulary/relators/edt</subfield>
          </datafield>
          <datafield tag="906" ind1=" " ind2=" ">
            <subfield code="a">BOOK</subfield>
          </datafield>
          <datafield tag="ADM" ind1=" " ind2=" ">
            <subfield code="b">2019-10-24 08:06:01</subfield>
            <subfield code="e">(CKB)4100000008280434</subfield>
            <subfield code="d">CKB</subfield>
            <subfield code="a">2019-06-08 20:26:08</subfield>
            <subfield code="c">false</subfield>
          </datafield>
          <datafield tag="PRT" ind1=" " ind2=" ">
            <subfield code="i">61446997140003811</subfield>
            <subfield code="updated">2019-06-17 13:03:53</subfield>
            <subfield code="e">Springer Link</subfield>
            <subfield code="c">Springer Earth and Environmental Science eBooks 2019 English/International</subfield>
            <subfield code="created">2019-06-17 13:03:53</subfield>
            <subfield code="j">62446997130003811</subfield>
            <subfield code="a">53469033560003811</subfield>
            <subfield code="b">https://sandbox01-na.alma.exlibrisgroup.com/view/uresolver/01TULI_INST/openurl?u.ignore_date_coverage=true&amp;rft.mms_id=991037067358803811</subfield>
            <subfield code="9">Available</subfield>
            <subfield code="h">614900000000000969</subfield>
            <subfield code="8">53469033560003811</subfield>
          </datafield>
        </record>
      </metadata>
    </record>