
    <record>
      <header>
        <identifier>oai:alma.01TULI_INST:991037067367903811</identifier>
        <datestamp>2021-01-06T09:57:02Z</datestamp>
        <setSpec>blacklight</setSpec>
      </header>
      <metadata>
        <record xmlns="http://www.loc.gov/MARC21/slim" xmlns:xsi="http://www.w3.org/2001/XMLSchema-instance" xsi:schemaLocation="http://www.loc.gov/MARC21/slim http://www.loc.gov/standards/marcxml/schema/MARC21slim.xsd">
          <leader>03491nam a22003975i 4500</leader>
          <controlfield tag="001">991037067367903811</controlfield>
          <controlfield tag="005">20210104171721.0</controlfield>
          <controlfield tag="007">cr#nn#008mamaa</controlfield>
          <controlfield tag="008">190515s2019    gw |    o    |||| 0|eng d</controlfield>
          <datafield tag="020" ind1=" " ind2=" ">
            <subfield code="a">3-030-12978-0</subfield>
          </datafield>
          <datafield tag="024" ind1="7" ind2=" ">
            <subfield code="a">10.1007/978-3-030-12978-1</subfield>
            <subfield code="2">doi</subfield>
          </datafield>
          <datafield tag="035" ind1=" " ind2=" ">
            <subfield code="a">(CKB)4100000008160677</subfield>
          </datafield>
          <datafield tag="035" ind1=" " ind2=" ">
            <subfield code="a">(DE-He213)978-3-030-12978-1</subfield>
          </datafield>
          <datafield tag="035" ind1=" " ind2=" ">
            <subfield code="a">(EXLCZ)994100000008160677</subfield>
          </datafield>
          <datafield tag="050" ind1=" " ind2="4">
            <subfield code="a">T-TX</subfield>
          </datafield>
          <datafield tag="072" ind1=" " ind2="7">
            <subfield code="a">PDZ</subfield>
            <subfield code="2">bicssc</subfield>
          </datafield>
          <datafield tag="072" ind1=" " ind2="7">
            <subfield code="a">TEC000000</subfield>
            <subfield code="2">bisacsh</subfield>
          </datafield>
          <datafield tag="072" ind1=" " ind2="7">
            <subfield code="a">PDZ</subfield>
            <subfield code="2">thema</subfield>
          </datafield>
          <datafield tag="082" ind1="0" ind2="4">
            <subfield code="a">600</subfield>
            <subfield code="2">23</subfield>
          </datafield>
          <datafield tag="100" ind1="1" ind2=" ">
            <subfield code="a">Elías, Carlos.</subfield>
            <subfield code="e">author.</subfield>
            <subfield code="4">aut</subfield>
            <subfield code="4">http://id.loc.gov/vocabulary/relators/aut</subfield>
          </datafield>
          <datafield tag="245" ind1="1" ind2="0">
            <subfield code="a">Science on the Ropes</subfield>
            <subfield code="h">[electronic resource] :</subfield>
            <subfield code="b">Decline of Scientific Culture in the Era of Fake News /</subfield>
            <subfield code="c">by Carlos Elías.</subfield>
          </datafield>
          <datafield tag="250" ind1=" " ind2=" ">
            <subfield code="a">1st ed. 2019.</subfield>
          </datafield>
          <datafield tag="264" ind1=" " ind2="1">
            <subfield code="a">Cham :</subfield>
            <subfield code="b">Springer International Publishing :</subfield>
            <subfield code="b">Imprint: Copernicus,</subfield>
            <subfield code="c">2019.</subfield>
          </datafield>
          <datafield tag="300" ind1=" " ind2=" ">
            <subfield code="a">1 online resource (X, 330 p. 7 illus., 4 illus. in color.)</subfield>
          </datafield>
          <datafield tag="336" ind1=" " ind2=" ">
            <subfield code="a">text</subfield>
            <subfield code="b">txt</subfield>
            <subfield code="2">rdacontent</subfield>
          </datafield>
          <datafield tag="337" ind1=" " ind2=" ">
            <subfield code="a">computer</subfield>
            <subfield code="b">c</subfield>
            <subfield code="2">rdamedia</subfield>
          </datafield>
          <datafield tag="338" ind1=" " ind2=" ">
            <subfield code="a">online resource</subfield>
            <subfield code="b">cr</subfield>
            <subfield code="2">rdacarrier</subfield>
          </datafield>
          <datafield tag="505" ind1="0" ind2=" ">
            <subfield code="a">Introduction -- Preparing the trip -- Why is there a decline in science -- An economic system that strangles science -- Films and television in the collapse of the science culture -- Postmodern philosophy, university and academic power in favor of irrationality -- Literary (and mythological) hegemony vs. scientific decadence -- Science in the art -- Journalistic (and media) culture and the collapse of science popularization -- Impact Journals and Science -- Scientific language locked in the closet -- Where does it take us to strangle reason and science?- Epilogue.</subfield>
          </datafield>
          <datafield tag="520" ind1=" " ind2=" ">
            <subfield code="a">In this controversial essay, Carlos Elías addresses the worldwide phenomenon that is threatening the scientific and economic progress of Western countries. The rise and influence of magic and irrationality in the media, in social networks and at universities is a disturbing phenomenon: many Western students no longer want to pursue STEM (Science, Technologies, Engineering, and Math) careers. This lucid and well-written book addresses one of the key issues of public debate: the deteriorating state of science in Western countries and their governments, and its rise in Asian countries. The author compares two distinct models: the Spanish or Latin model, which closed the door on science with the Counter-Reformation, and that employed by a second group of countries where science was encouraged. Elías suggests that a similar development could now be taking place between Western countries (where the press, television and social science academics are becoming increasingly critical towards science) and Asia, where most prime ministers (and other politicians) are scientists or engineers. This book is intended for STEM educators (both at secondary schools and universities), scientists and academics interested in scientific culture in the era of fake news. .</subfield>
          </datafield>
          <datafield tag="650" ind1=" " ind2="0">
            <subfield code="a">Engineering.</subfield>
          </datafield>
          <datafield tag="650" ind1=" " ind2="0">
            <subfield code="a">Culture—Study and teaching.</subfield>
          </datafield>
          <datafield tag="650" ind1="1" ind2="4">
            <subfield code="a">Popular Science in Technology.</subfield>
            <subfield code="0">http://scigraph.springernature.com/things/product-market-codes/Q36000</subfield>
          </datafield>
          <datafield tag="650" ind1="2" ind2="4">
            <subfield code="a">Media Sociology.</subfield>
            <subfield code="0">http://scigraph.springernature.com/things/product-market-codes/X22110</subfield>
          </datafield>
          <datafield tag="650" ind1="2" ind2="4">
            <subfield code="a">Job Careers in Science and Engineering.</subfield>
            <subfield code="0">http://scigraph.springernature.com/things/product-market-codes/T13009</subfield>
          </datafield>
          <datafield tag="650" ind1="2" ind2="4">
            <subfield code="a">Popular Science in Cultural and Media Studies.</subfield>
            <subfield code="0">http://scigraph.springernature.com/things/product-market-codes/Q33010</subfield>
          </datafield>
          <datafield tag="776" ind1=" " ind2=" ">
            <subfield code="z">3-030-12977-2</subfield>
          </datafield>
          <datafield tag="906" ind1=" " ind2=" ">
            <subfield code="a">BOOK</subfield>
          </datafield>
          <datafield tag="ADM" ind1=" " ind2=" ">
            <subfield code="b">2021-01-06 08:32:47</subfield>
            <subfield code="e">(CKB)4100000008160677</subfield>
            <subfield code="d">CKB</subfield>
            <subfield code="a">2019-05-04 20:02:20</subfield>
            <subfield code="c">false</subfield>
          </datafield>
          <datafield tag="PRT" ind1=" " ind2=" ">
            <subfield code="i">61446989700003811</subfield>
            <subfield code="updated">2019-06-17 13:02:17</subfield>
            <subfield code="e">Springer Link</subfield>
            <subfield code="c">Springer Engineering eBooks 2019 English/International</subfield>
            <subfield code="created">2019-06-17 13:02:17</subfield>
            <subfield code="j">62446989690003811</subfield>
            <subfield code="a">53469036390003811</subfield>
            <subfield code="b">https://sandbox01-na.alma.exlibrisgroup.com/view/uresolver/01TULI_INST/openurl?u.ignore_date_coverage=true&amp;rft.mms_id=991037067367903811</subfield>
            <subfield code="9">Available</subfield>
            <subfield code="h">614900000000000973</subfield>
            <subfield code="8">53469036390003811</subfield>
          </datafield>
        </record>
      </metadata>
    </record>