
    <record>
      <header>
        <identifier>oai:alma.01TULI_INST:991037067355103811</identifier>
        <datestamp>2021-01-05T21:52:04Z</datestamp>
        <setSpec>blacklight</setSpec>
      </header>
      <metadata>
        <record xmlns="http://www.loc.gov/MARC21/slim" xmlns:xsi="http://www.w3.org/2001/XMLSchema-instance" xsi:schemaLocation="http://www.loc.gov/MARC21/slim http://www.loc.gov/standards/marcxml/schema/MARC21slim.xsd">
          <leader>05760nam a22005415i 4500</leader>
          <controlfield tag="001">991037067355103811</controlfield>
          <controlfield tag="005">20190530180057.0</controlfield>
          <controlfield tag="006">m     o  d |      </controlfield>
          <controlfield tag="007">cr cnu||||||||</controlfield>
          <controlfield tag="008">190530s2019    gw |    o    |||| 0|eng d</controlfield>
          <datafield tag="020" ind1=" " ind2=" ">
            <subfield code="a">3-030-16729-1</subfield>
          </datafield>
          <datafield tag="024" ind1="7" ind2=" ">
            <subfield code="a">10.1007/978-3-030-16729-5</subfield>
            <subfield code="2">doi</subfield>
          </datafield>
          <datafield tag="035" ind1=" " ind2=" ">
            <subfield code="a">(CKB)4100000008340210</subfield>
          </datafield>
          <datafield tag="035" ind1=" " ind2=" ">
            <subfield code="a">(MiAaPQ)EBC5782498</subfield>
          </datafield>
          <datafield tag="035" ind1=" " ind2=" ">
            <subfield code="a">(DE-He213)978-3-030-16729-5</subfield>
          </datafield>
          <datafield tag="035" ind1=" " ind2=" ">
            <subfield code="a">(EXLCZ)994100000008340210</subfield>
          </datafield>
          <datafield tag="050" ind1=" " ind2="4">
            <subfield code="a">GE300-350</subfield>
          </datafield>
          <datafield tag="072" ind1=" " ind2="7">
            <subfield code="a">RNF</subfield>
            <subfield code="2">bicssc</subfield>
          </datafield>
          <datafield tag="072" ind1=" " ind2="7">
            <subfield code="a">TEC010000</subfield>
            <subfield code="2">bisacsh</subfield>
          </datafield>
          <datafield tag="072" ind1=" " ind2="7">
            <subfield code="a">RNF</subfield>
            <subfield code="2">thema</subfield>
          </datafield>
          <datafield tag="082" ind1="0" ind2=" ">
            <subfield code="a">338.927</subfield>
            <subfield code="2">23</subfield>
          </datafield>
          <datafield tag="245" ind1="1" ind2="0">
            <subfield code="a">Sustainable Development of Water and Environment</subfield>
            <subfield code="h">[electronic resource] :</subfield>
            <subfield code="b">Proceedings of the ICSDWE 2019 /</subfield>
            <subfield code="c">edited by Rong Sun, Li Fei.</subfield>
          </datafield>
          <datafield tag="250" ind1=" " ind2=" ">
            <subfield code="a">1st ed. 2019.</subfield>
          </datafield>
          <datafield tag="264" ind1=" " ind2="1">
            <subfield code="a">Cham :</subfield>
            <subfield code="b">Springer International Publishing :</subfield>
            <subfield code="b">Imprint: Springer,</subfield>
            <subfield code="c">2019.</subfield>
          </datafield>
          <datafield tag="300" ind1=" " ind2=" ">
            <subfield code="a">1 online resource (ix, 240 pages).</subfield>
          </datafield>
          <datafield tag="336" ind1=" " ind2=" ">
            <subfield code="a">text</subfield>
            <subfield code="b">txt</subfield>
            <subfield code="2">rdacontent</subfield>
          </datafield>
          <datafield tag="337" ind1=" " ind2=" ">
            <subfield code="a">computer</subfield>
            <subfield code="b">c</subfield>
            <subfield code="2">rdamedia</subfield>
          </datafield>
          <datafield tag="338" ind1=" " ind2=" ">
            <subfield code="a">online resource</subfield>
            <subfield code="b">cr</subfield>
            <subfield code="2">rdacarrier</subfield>
          </datafield>
          <datafield tag="490" ind1="1" ind2=" ">
            <subfield code="a">Environmental Science,</subfield>
            <subfield code="x">1431-6250</subfield>
          </datafield>
          <datafield tag="505" ind1="0" ind2=" ">
            <subfield code="a">Part 1: Environmental Monitoring -- Microbiological Monitoring of Cryohydrological Geosystems of the Cryolithozone -- Survey of Physical, Chemical and Microbial Water Quality of Irrigation Sources in Tarlac, Philippines -- Study on the Inactivation of E. coli in Water by UV-LED -- Radionuclides Activity Analysis in the Environmetnal Samples -- Analysis of Shanghai Urban Expansion Based on Multi-temporal Remote Sensing Images -- The Innovation Model Research of Roof Garden of Green Building -- Part 2: Environmental Chemistry -- The Preparation of Sulfonated PS Microspheres Supported nZVFe/Ag Bimetals and Its Using in the Catalytic Reduction of 3-CP -- Development of a Fluidized Bed Gas Heater Using Solar Heat for Waste Steam Reuse in the Plant -- Review on Hydrodynamic Behavior of Continuous Flow Reactors for Water Treatment by Electron Beam -- Environmental Impacts of the Selected Building Structures -- Analysis of Haze Pollution Based on Principal Component Analysis in Jinan City -- Comprehensive evaluation of oil sorbent based on AHP method -- Part 3: Water Resource and Water Environmental -- An Optimal Design of Groundwater-Environment Remediation Scheme in Chengdu Plain, China: A case study of Huaikou landfill -- Transboundary Water Management of the Indus River: A Repetitive Cycle -- Restoration of Groundwater Over-exploitation Area Based on Modflow in North Weifang, Shandong Province, China -- Stability Analysis During Excavation of Low-permeability Rock Surrounding an Underground Water Sealed Cavern -- Design of a Humidification-dehumidification Seawater Desalination System Combined with Solar Chimneys -- Estimation of Annual Maximum and Minimum Flow Trends Through Hydrological Modeling. Case Study of the Allipén River Watershed, Chile -- Effects of Emergent Hydrophytes on the Water Restoration of Wuliangsu Lake in Inner Mongolia -- Application Status on Hydrological Detention Efficiency of Urban Green Space in China -- Response of Ecological Water Supply Service to Land Cover Change in the source area of the Yellow River -- River Structure and Spatial Pattern along Jiulongjiang Watershed.</subfield>
          </datafield>
          <datafield tag="520" ind1=" " ind2=" ">
            <subfield code="a">This book covers the full spectrum of water and environment conservation, offering management lessons, identifying the barriers to transformative change, and then presenting agendas and initiatives for sustainable global water and environment management. Water is a unique resource and is vital to human beings and ecosystems. At the same time, it is a driver of growth and development. However, in a changing world factors such as rapid population growth and urbanization are having an increasing impact on water and the environment, and managing critical water resources sustainably represents an unprecedented and urgent challenge. As such, the book describes innovative approaches that can be used to support the operationalization and delivery of sustainable water and environment management. ICSDWE 2019 is dedicated to sustainable water and environment, with a focus on the water resources management, wastewater treatment and environmental protection. Sharing current knowledge and recent developments, experiences and lessons learned, it stimulates discussion and reflection, to promote a paradigm shift toward sustainable water and environment management.</subfield>
          </datafield>
          <datafield tag="650" ind1=" " ind2="0">
            <subfield code="a">Environmental management.</subfield>
          </datafield>
          <datafield tag="650" ind1=" " ind2="0">
            <subfield code="a">Sustainable development.</subfield>
          </datafield>
          <datafield tag="650" ind1=" " ind2="0">
            <subfield code="a">Environmental pollution.</subfield>
          </datafield>
          <datafield tag="650" ind1="1" ind2="4">
            <subfield code="a">Environmental Management.</subfield>
            <subfield code="0">http://scigraph.springernature.com/things/product-market-codes/U17009</subfield>
          </datafield>
          <datafield tag="650" ind1="2" ind2="4">
            <subfield code="a">Water Quality/Water Pollution.</subfield>
            <subfield code="0">http://scigraph.springernature.com/things/product-market-codes/212000</subfield>
          </datafield>
          <datafield tag="650" ind1="2" ind2="4">
            <subfield code="a">Sustainable Development.</subfield>
            <subfield code="0">http://scigraph.springernature.com/things/product-market-codes/U34000</subfield>
          </datafield>
          <datafield tag="650" ind1="2" ind2="4">
            <subfield code="a">Water Industry/Water Technologies.</subfield>
            <subfield code="0">http://scigraph.springernature.com/things/product-market-codes/214000</subfield>
          </datafield>
          <datafield tag="650" ind1="2" ind2="4">
            <subfield code="a">Waste Water Technology / Water Pollution Control / Water Management / Aquatic Pollution.</subfield>
            <subfield code="0">http://scigraph.springernature.com/things/product-market-codes/U35040</subfield>
          </datafield>
          <datafield tag="650" ind1="2" ind2="4">
            <subfield code="a">Environmental Science and Engineering.</subfield>
            <subfield code="0">http://scigraph.springernature.com/things/product-market-codes/G37000</subfield>
          </datafield>
          <datafield tag="776" ind1=" " ind2=" ">
            <subfield code="z">3-030-16728-3</subfield>
          </datafield>
          <datafield tag="700" ind1="1" ind2=" ">
            <subfield code="a">Sun, Rong.</subfield>
            <subfield code="e">editor.</subfield>
            <subfield code="4">edt</subfield>
            <subfield code="4">http://id.loc.gov/vocabulary/relators/edt</subfield>
          </datafield>
          <datafield tag="700" ind1="1" ind2=" ">
            <subfield code="a">Fei, Li.</subfield>
            <subfield code="e">editor.</subfield>
            <subfield code="4">edt</subfield>
            <subfield code="4">http://id.loc.gov/vocabulary/relators/edt</subfield>
          </datafield>
          <datafield tag="830" ind1=" " ind2="0">
            <subfield code="a">Environmental Science,</subfield>
            <subfield code="x">1431-6250</subfield>
          </datafield>
          <datafield tag="906" ind1=" " ind2=" ">
            <subfield code="a">BOOK</subfield>
          </datafield>
          <datafield tag="ADM" ind1=" " ind2=" ">
            <subfield code="b">2019-10-24 22:58:43</subfield>
            <subfield code="e">(CKB)4100000008340210</subfield>
            <subfield code="d">CKB</subfield>
            <subfield code="a">2019-06-08 20:26:08</subfield>
            <subfield code="c">false</subfield>
          </datafield>
          <datafield tag="PRT" ind1=" " ind2=" ">
            <subfield code="i">61446997140003811</subfield>
            <subfield code="updated">2019-06-17 13:04:08</subfield>
            <subfield code="e">Springer Link</subfield>
            <subfield code="c">Springer Earth and Environmental Science eBooks 2019 English/International</subfield>
            <subfield code="created">2019-06-17 13:04:08</subfield>
            <subfield code="j">62446997130003811</subfield>
            <subfield code="a">53469032430003811</subfield>
            <subfield code="b">https://sandbox01-na.alma.exlibrisgroup.com/view/uresolver/01TULI_INST/openurl?u.ignore_date_coverage=true&amp;rft.mms_id=991037067355103811</subfield>
            <subfield code="9">Available</subfield>
            <subfield code="h">614900000000000969</subfield>
            <subfield code="8">53469032430003811</subfield>
          </datafield>
        </record>
      </metadata>
    </record>