
    <record>
      <header>
        <identifier>oai:alma.01TULI_INST:991037067362203811</identifier>
        <datestamp>2021-01-05T21:52:58Z</datestamp>
        <setSpec>blacklight</setSpec>
      </header>
      <metadata>
        <record xmlns="http://www.loc.gov/MARC21/slim" xmlns:xsi="http://www.w3.org/2001/XMLSchema-instance" xsi:schemaLocation="http://www.loc.gov/MARC21/slim http://www.loc.gov/standards/marcxml/schema/MARC21slim.xsd">
          <leader>05484nam a22005895i 4500</leader>
          <controlfield tag="001">991037067362203811</controlfield>
          <controlfield tag="005">20190509032926.0</controlfield>
          <controlfield tag="006">m     o  d |      </controlfield>
          <controlfield tag="007">cr cnu||||||||</controlfield>
          <controlfield tag="008">190509s2019    gw |    o    |||| 0|eng d</controlfield>
          <datafield tag="020" ind1=" " ind2=" ">
            <subfield code="a">3-030-03698-7</subfield>
          </datafield>
          <datafield tag="024" ind1="7" ind2=" ">
            <subfield code="a">10.1007/978-3-030-03698-0</subfield>
            <subfield code="2">doi</subfield>
          </datafield>
          <datafield tag="035" ind1=" " ind2=" ">
            <subfield code="a">(CKB)4100000008153970</subfield>
          </datafield>
          <datafield tag="035" ind1=" " ind2=" ">
            <subfield code="a">(MiAaPQ)EBC5771562</subfield>
          </datafield>
          <datafield tag="035" ind1=" " ind2=" ">
            <subfield code="a">(DE-He213)978-3-030-03698-0</subfield>
          </datafield>
          <datafield tag="035" ind1=" " ind2=" ">
            <subfield code="a">(EXLCZ)994100000008153970</subfield>
          </datafield>
          <datafield tag="043" ind1=" " ind2=" ">
            <subfield code="a">mm-----</subfield>
          </datafield>
          <datafield tag="050" ind1=" " ind2="4">
            <subfield code="a">TD1-1066</subfield>
          </datafield>
          <datafield tag="072" ind1=" " ind2="7">
            <subfield code="a">RNH</subfield>
            <subfield code="2">bicssc</subfield>
          </datafield>
          <datafield tag="072" ind1=" " ind2="7">
            <subfield code="a">SCI026000</subfield>
            <subfield code="2">bisacsh</subfield>
          </datafield>
          <datafield tag="072" ind1=" " ind2="7">
            <subfield code="a">RNH</subfield>
            <subfield code="2">thema</subfield>
          </datafield>
          <datafield tag="072" ind1=" " ind2="7">
            <subfield code="a">TQSR</subfield>
            <subfield code="2">thema</subfield>
          </datafield>
          <datafield tag="082" ind1="0" ind2=" ">
            <subfield code="a">338.162</subfield>
            <subfield code="2">23</subfield>
          </datafield>
          <datafield tag="245" ind1="1" ind2="0">
            <subfield code="a">Irrigation in the Mediterranean</subfield>
            <subfield code="h">[electronic resource] :</subfield>
            <subfield code="b">Technologies, Institutions and Policies /</subfield>
            <subfield code="c">edited by François Molle, Carles Sanchis-Ibor, Llorenç Avellà-Reus.</subfield>
          </datafield>
          <datafield tag="250" ind1=" " ind2=" ">
            <subfield code="a">1st ed. 2019.</subfield>
          </datafield>
          <datafield tag="264" ind1=" " ind2="1">
            <subfield code="a">Cham :</subfield>
            <subfield code="b">Springer International Publishing :</subfield>
            <subfield code="b">Imprint: Springer,</subfield>
            <subfield code="c">2019.</subfield>
          </datafield>
          <datafield tag="300" ind1=" " ind2=" ">
            <subfield code="a">1 online resource (323 pages)</subfield>
          </datafield>
          <datafield tag="336" ind1=" " ind2=" ">
            <subfield code="a">text</subfield>
            <subfield code="b">txt</subfield>
            <subfield code="2">rdacontent</subfield>
          </datafield>
          <datafield tag="337" ind1=" " ind2=" ">
            <subfield code="a">computer</subfield>
            <subfield code="b">c</subfield>
            <subfield code="2">rdamedia</subfield>
          </datafield>
          <datafield tag="338" ind1=" " ind2=" ">
            <subfield code="a">online resource</subfield>
            <subfield code="b">cr</subfield>
            <subfield code="2">rdacarrier</subfield>
          </datafield>
          <datafield tag="490" ind1="1" ind2=" ">
            <subfield code="a">Global Issues in Water Policy,</subfield>
            <subfield code="x">2211-0631 ;</subfield>
            <subfield code="v">22</subfield>
          </datafield>
          <datafield tag="500" ind1=" " ind2=" ">
            <subfield code="a">Includes index.</subfield>
          </datafield>
          <datafield tag="505" ind1="0" ind2=" ">
            <subfield code="a">Chapter 1. Irrigation in the Mediterranean: An Introduction (Carles Sanchis-Ibor, François Molle) -- Chapter 2. Tunisia (Abdelkader Hamdane) -- Chapter 3. Morocco (François Molle, Oumaima Tanouti, Nicolas Faysse) -- Chapter 4. Spain (Marta García-Mollá, Carles Sanchis-Ibor, Lorenzo Avellà, José Albiac, Daniel Isidoro and Sergio Lecina) -- Chapter 5. France (Sébastien Loubier, Thierry Ruf, Patrice Garin) -- Chapter 6: Italy (Gabriele Dono, Simone Severini, Davide Dell’Unto, Raffaele Cortignani) -- Chapter 7. Turkey (Sevilay Topçu, Aysegul Kibaroglu, Zeynep Kadirbeyoglu) -- Chapter 8. Israel (Doron Lavee, Eran Feitelson, Hadas Joseph-Ezra) -- Chapter 9. Egypt (François Molle) -- Chapter 10. Irrigation in the Mediterranean, Trends and Challenges (François Molle, Carles Sanchis-Ibor).</subfield>
          </datafield>
          <datafield tag="520" ind1=" " ind2=" ">
            <subfield code="a">Mediterranean irrigation is diverse due to, among other factors, the relative importance of water in the economy of each country, varied levels of aridity, heterogeneous levels economic, social and technological levels of development, and differences in political and social organization. However, most of the Mediterranean countries face similar problems to meet their water demands because of the scarcity and variability of renewable resources, growing water requirements from non-agricultural sectors, increasing environmental concerns related to water quality and environmental degradation, a social demand for larger public participation, and important technological changes. The time has come to reconsider the “not one drop lost to the sea” philosophy of yesteryears largely and to 'live within limits'. This book focuses on eight selected countries (Tunisia, Morocco, Spain, France, Italy, Turkey, Israel and Egypt) and provides a comparative perspective that both thoroughly explores their specificities and identifies the common challenges faced by the irrigation sector in these countries. The book has been written at a critical moment, when the continued application of a supply-side water management model is revealing its unsustainable nature in numerous places; when significant technological changes are taking place in the irrigation sector; when new forms of management and governance are widely held as badly needed; and finally, when climate change is compounding many of the difficulties that have characterized irrigation policies and practices in the past decades. This complicated future context makes Mediterranean irrigation face various political dilemmas on water management, raising social tensions, triggering territorial and land conflicts, and stimulating new technological developments. This book provides a timely analysis of the particular trajectory of eight Mediterranean countries in these uncertain transformations, and attempts to identify the best strategies to avert or overcome future risks.</subfield>
          </datafield>
          <datafield tag="650" ind1=" " ind2="0">
            <subfield code="a">Waste disposal.</subfield>
          </datafield>
          <datafield tag="650" ind1=" " ind2="0">
            <subfield code="a">Environmental law.</subfield>
          </datafield>
          <datafield tag="650" ind1=" " ind2="0">
            <subfield code="a">Agricultural economics.</subfield>
          </datafield>
          <datafield tag="650" ind1=" " ind2="0">
            <subfield code="a">Marketing.</subfield>
          </datafield>
          <datafield tag="650" ind1=" " ind2="0">
            <subfield code="a">Agriculture.</subfield>
          </datafield>
          <datafield tag="650" ind1="1" ind2="4">
            <subfield code="a">Waste Management/Waste Technology.</subfield>
            <subfield code="0">http://scigraph.springernature.com/things/product-market-codes/U31001</subfield>
          </datafield>
          <datafield tag="650" ind1="2" ind2="4">
            <subfield code="a">Water Policy/Water Governance/Water Management.</subfield>
            <subfield code="0">http://scigraph.springernature.com/things/product-market-codes/215000</subfield>
          </datafield>
          <datafield tag="650" ind1="2" ind2="4">
            <subfield code="a">Environmental Law/Policy/Ecojustice.</subfield>
            <subfield code="0">http://scigraph.springernature.com/things/product-market-codes/U16002</subfield>
          </datafield>
          <datafield tag="650" ind1="2" ind2="4">
            <subfield code="a">Agricultural Economics.</subfield>
            <subfield code="0">http://scigraph.springernature.com/things/product-market-codes/W47000</subfield>
          </datafield>
          <datafield tag="650" ind1="2" ind2="4">
            <subfield code="a">Marketing.</subfield>
            <subfield code="0">http://scigraph.springernature.com/things/product-market-codes/513000</subfield>
          </datafield>
          <datafield tag="650" ind1="2" ind2="4">
            <subfield code="a">Agriculture.</subfield>
            <subfield code="0">http://scigraph.springernature.com/things/product-market-codes/L11006</subfield>
          </datafield>
          <datafield tag="776" ind1=" " ind2=" ">
            <subfield code="z">3-030-03696-0</subfield>
          </datafield>
          <datafield tag="700" ind1="1" ind2=" ">
            <subfield code="a">Molle, François.</subfield>
            <subfield code="e">editor.</subfield>
            <subfield code="4">edt</subfield>
            <subfield code="4">http://id.loc.gov/vocabulary/relators/edt</subfield>
          </datafield>
          <datafield tag="700" ind1="1" ind2=" ">
            <subfield code="a">Sanchis-Ibor, Carles.</subfield>
            <subfield code="e">editor.</subfield>
            <subfield code="4">edt</subfield>
            <subfield code="4">http://id.loc.gov/vocabulary/relators/edt</subfield>
          </datafield>
          <datafield tag="700" ind1="1" ind2=" ">
            <subfield code="a">Avellà-Reus, Llorenç.</subfield>
            <subfield code="e">editor.</subfield>
            <subfield code="4">edt</subfield>
            <subfield code="4">http://id.loc.gov/vocabulary/relators/edt</subfield>
          </datafield>
          <datafield tag="830" ind1=" " ind2="0">
            <subfield code="a">Global Issues in Water Policy,</subfield>
            <subfield code="x">2211-0631 ;</subfield>
            <subfield code="v">22</subfield>
          </datafield>
          <datafield tag="906" ind1=" " ind2=" ">
            <subfield code="a">BOOK</subfield>
          </datafield>
          <datafield tag="ADM" ind1=" " ind2=" ">
            <subfield code="b">2019-10-24 22:49:43</subfield>
            <subfield code="e">(CKB)4100000008153970</subfield>
            <subfield code="d">EBC</subfield>
            <subfield code="a">2019-05-04 20:02:20</subfield>
            <subfield code="c">false</subfield>
          </datafield>
          <datafield tag="PRT" ind1=" " ind2=" ">
            <subfield code="i">61446997140003811</subfield>
            <subfield code="updated">2019-06-17 13:03:37</subfield>
            <subfield code="e">Springer Link</subfield>
            <subfield code="c">Springer Earth and Environmental Science eBooks 2019 English/International</subfield>
            <subfield code="created">2019-06-17 13:03:37</subfield>
            <subfield code="j">62446997130003811</subfield>
            <subfield code="a">53469034580003811</subfield>
            <subfield code="b">https://sandbox01-na.alma.exlibrisgroup.com/view/uresolver/01TULI_INST/openurl?u.ignore_date_coverage=true&amp;rft.mms_id=991037067362203811</subfield>
            <subfield code="9">Available</subfield>
            <subfield code="h">614900000000000969</subfield>
            <subfield code="8">53469034580003811</subfield>
          </datafield>
        </record>
      </metadata>
    </record>