
    <record>
      <header>
        <identifier>oai:alma.01TULI_INST:991037067341903811</identifier>
        <datestamp>2021-01-06T09:57:01Z</datestamp>
        <setSpec>blacklight</setSpec>
        <setSpec>rapid_electronic_journals</setSpec>
        <setSpec>BrowZine</setSpec>
      </header>
      <metadata>
        <record xmlns="http://www.loc.gov/MARC21/slim" xmlns:xsi="http://www.w3.org/2001/XMLSchema-instance" xsi:schemaLocation="http://www.loc.gov/MARC21/slim http://www.loc.gov/standards/marcxml/schema/MARC21slim.xsd">
          <leader>01008nas a2200373 c 4500</leader>
          <controlfield tag="001">991037067341903811</controlfield>
          <controlfield tag="005">20210104164031.0</controlfield>
          <controlfield tag="007">cr||||||||||||</controlfield>
          <controlfield tag="008">120423c20129999sz u||p|o ||| 0||||0ger c</controlfield>
          <datafield tag="016" ind1="7" ind2=" ">
            <subfield code="2">DE-101</subfield>
            <subfield code="a">1021656712</subfield>
          </datafield>
          <datafield tag="016" ind1="7" ind2=" ">
            <subfield code="2">DE-600</subfield>
            <subfield code="a">2659475-4</subfield>
          </datafield>
          <datafield tag="022" ind1=" " ind2=" ">
            <subfield code="a">2235-0985</subfield>
          </datafield>
          <datafield tag="035" ind1=" " ind2=" ">
            <subfield code="a">(CKB)2670000000171180</subfield>
          </datafield>
          <datafield tag="035" ind1=" " ind2=" ">
            <subfield code="a">(DE-599)ZDB2659475-4</subfield>
          </datafield>
          <datafield tag="035" ind1=" " ind2=" ">
            <subfield code="a">(OCoLC)796273982</subfield>
          </datafield>
          <datafield tag="035" ind1=" " ind2=" ">
            <subfield code="a">(DE-101)1021656712</subfield>
          </datafield>
          <datafield tag="035" ind1=" " ind2=" ">
            <subfield code="a">(EXLCZ)992670000000171180</subfield>
          </datafield>
          <datafield tag="040" ind1=" " ind2=" ">
            <subfield code="a">3349</subfield>
            <subfield code="b">ger</subfield>
            <subfield code="c">DE-101</subfield>
            <subfield code="d">8007</subfield>
          </datafield>
          <datafield tag="041" ind1=" " ind2=" ">
            <subfield code="a">ger</subfield>
          </datafield>
          <datafield tag="044" ind1=" " ind2=" ">
            <subfield code="c">XA-CH</subfield>
          </datafield>
          <datafield tag="082" ind1="7" ind2="4">
            <subfield code="a">370</subfield>
            <subfield code="a">150</subfield>
            <subfield code="q">DE-101</subfield>
            <subfield code="2">22sdnb</subfield>
          </datafield>
          <datafield tag="083" ind1="7" ind2=" ">
            <subfield code="a">370</subfield>
            <subfield code="a">150</subfield>
            <subfield code="q">DE-600</subfield>
            <subfield code="2">22sdnb</subfield>
          </datafield>
          <datafield tag="084" ind1=" " ind2=" ">
            <subfield code="a">370</subfield>
            <subfield code="a">150</subfield>
            <subfield code="q">DE-101</subfield>
            <subfield code="2">sdnb</subfield>
          </datafield>
          <datafield tag="084" ind1=" " ind2=" ">
            <subfield code="a">370</subfield>
            <subfield code="a">150</subfield>
            <subfield code="q">DE-600</subfield>
            <subfield code="2">sdnb</subfield>
          </datafield>
          <datafield tag="084" ind1=" " ind2=" ">
            <subfield code="a">120</subfield>
            <subfield code="2">rpb</subfield>
          </datafield>
          <datafield tag="090" ind1=" " ind2=" ">
            <subfield code="n">ad</subfield>
          </datafield>
          <datafield tag="245" ind1="1" ind2="0">
            <subfield code="a">Lernen und Lernstörungen</subfield>
            <subfield code="h">Elektronische Ressource</subfield>
          </datafield>
          <datafield tag="247" ind1="0" ind2="0">
            <subfield code="g">Gesehen am 29.04.15</subfield>
          </datafield>
          <datafield tag="264" ind1="3" ind2="1">
            <subfield code="a">Bern</subfield>
            <subfield code="b">Huber</subfield>
            <subfield code="c">2012-</subfield>
          </datafield>
          <datafield tag="300" ind1=" " ind2=" ">
            <subfield code="a">Online-Ressource</subfield>
          </datafield>
          <datafield tag="362" ind1="0" ind2=" ">
            <subfield code="a">1.2012 -</subfield>
          </datafield>
          <datafield tag="363" ind1="0" ind2="1">
            <subfield code="8">1.1\x</subfield>
            <subfield code="i">2012</subfield>
          </datafield>
          <datafield tag="591" ind1=" " ind2=" ">
            <subfield code="a">355!URL-Ä(29-04-15)</subfield>
          </datafield>
          <datafield tag="776" ind1=" " ind2=" ">
            <subfield code="x">2235-0977</subfield>
          </datafield>
          <datafield tag="906" ind1=" " ind2=" ">
            <subfield code="a">JOURNAL</subfield>
          </datafield>
          <datafield tag="ADM" ind1=" " ind2=" ">
            <subfield code="b">2021-01-06 04:25:06</subfield>
            <subfield code="e">2670000000171180</subfield>
            <subfield code="d">CKB</subfield>
            <subfield code="f">20150520135041.0</subfield>
            <subfield code="a">2012-05-06 07:18:00</subfield>
            <subfield code="c">false</subfield>
          </datafield>
          <datafield tag="PRT" ind1=" " ind2=" ">
            <subfield code="i">61337197460003811</subfield>
            <subfield code="updated">2020-11-27 11:13:44</subfield>
            <subfield code="e">EBSCOhost</subfield>
            <subfield code="c">EBSCOhost Education Source</subfield>
            <subfield code="created">2019-06-17 13:06:23</subfield>
            <subfield code="j">62337197450003811</subfield>
            <subfield code="a">53469047050003811</subfield>
            <subfield code="b">https://sandbox01-na.alma.exlibrisgroup.com/view/uresolver/01TULI_INST/openurl?u.ignore_date_coverage=true&amp;rft.mms_id=991037067341903811</subfield>
            <subfield code="g"> Available from 10/01/2015.</subfield>
            <subfield code="9">Available</subfield>
            <subfield code="h">613580000000000010</subfield>
            <subfield code="8">53469047050003811</subfield>
          </datafield>
        </record>
      </metadata>
    </record>