
    <record>
      <header>
        <identifier>oai:alma.01TULI_INST:991037067363303811</identifier>
        <datestamp>2021-01-05T21:52:48Z</datestamp>
        <setSpec>blacklight</setSpec>
      </header>
      <metadata>
        <record xmlns="http://www.loc.gov/MARC21/slim" xmlns:xsi="http://www.w3.org/2001/XMLSchema-instance" xsi:schemaLocation="http://www.loc.gov/MARC21/slim http://www.loc.gov/standards/marcxml/schema/MARC21slim.xsd">
          <leader>05588nam a22004935i 4500</leader>
          <controlfield tag="001">991037067363303811</controlfield>
          <controlfield tag="005">20200221152823.0</controlfield>
          <controlfield tag="006">m     o  d |      </controlfield>
          <controlfield tag="007">cr#cnu||||||||</controlfield>
          <controlfield tag="008">190507s2019    gw |    o    |||| 0|eng d</controlfield>
          <datafield tag="020" ind1=" " ind2=" ">
            <subfield code="a">9783030126964</subfield>
            <subfield code="q">(e-book)</subfield>
          </datafield>
          <datafield tag="020" ind1=" " ind2=" ">
            <subfield code="a">303012696X</subfield>
            <subfield code="q">(e-book)</subfield>
          </datafield>
          <datafield tag="024" ind1="7" ind2=" ">
            <subfield code="a">10.1007/978-3-030-12696-4</subfield>
            <subfield code="2">doi</subfield>
          </datafield>
          <datafield tag="035" ind1=" " ind2=" ">
            <subfield code="a">(CKB)4100000008153848</subfield>
          </datafield>
          <datafield tag="035" ind1=" " ind2=" ">
            <subfield code="a">(MiAaPQ)EBC5771030</subfield>
          </datafield>
          <datafield tag="035" ind1=" " ind2=" ">
            <subfield code="a">(DE-He213)978-3-030-12696-4</subfield>
          </datafield>
          <datafield tag="035" ind1=" " ind2=" ">
            <subfield code="a">(EXLCZ)994100000008153848</subfield>
          </datafield>
          <datafield tag="050" ind1=" " ind2="4">
            <subfield code="a">TN260</subfield>
          </datafield>
          <datafield tag="072" ind1=" " ind2="7">
            <subfield code="a">PNV</subfield>
            <subfield code="2">bicssc</subfield>
          </datafield>
          <datafield tag="072" ind1=" " ind2="7">
            <subfield code="a">SCI048000</subfield>
            <subfield code="2">bisacsh</subfield>
          </datafield>
          <datafield tag="072" ind1=" " ind2="7">
            <subfield code="a">PNV</subfield>
            <subfield code="2">thema</subfield>
          </datafield>
          <datafield tag="082" ind1="0" ind2=" ">
            <subfield code="a">628.16832</subfield>
            <subfield code="2">23</subfield>
          </datafield>
          <datafield tag="245" ind1="1" ind2="0">
            <subfield code="a">Environmental Issues of Deep-Sea Mining</subfield>
            <subfield code="h">[electronic resource] :</subfield>
            <subfield code="b">Impacts, Consequences and Policy Perspectives /</subfield>
            <subfield code="c">edited by Rahul Sharma.</subfield>
          </datafield>
          <datafield tag="264" ind1=" " ind2="1">
            <subfield code="a">Cham :</subfield>
            <subfield code="b">Springer International Publishing :</subfield>
            <subfield code="b">Imprint: Springer,</subfield>
            <subfield code="c">2019.</subfield>
          </datafield>
          <datafield tag="300" ind1=" " ind2=" ">
            <subfield code="a">1 online resource (xvi, 561 pages) :</subfield>
            <subfield code="b">illustrations</subfield>
          </datafield>
          <datafield tag="336" ind1=" " ind2=" ">
            <subfield code="a">text</subfield>
            <subfield code="b">txt</subfield>
            <subfield code="2">rdacontent</subfield>
          </datafield>
          <datafield tag="337" ind1=" " ind2=" ">
            <subfield code="a">computer</subfield>
            <subfield code="b">c</subfield>
            <subfield code="2">rdamedia</subfield>
          </datafield>
          <datafield tag="338" ind1=" " ind2=" ">
            <subfield code="a">online resource</subfield>
            <subfield code="b">cr</subfield>
            <subfield code="2">rdacarrier</subfield>
          </datafield>
          <datafield tag="504" ind1=" " ind2=" ">
            <subfield code="a">Includes bibliographical references and index.</subfield>
          </datafield>
          <datafield tag="505" ind1="0" ind2=" ">
            <subfield code="a">PartA: Environmental issues -- Chapter1: Deep-sea mining and environment – an introduction -- Chapter2: Environmental issues of deep-sea mining – a global perspective -- Chapter3: Environmental impacts of nodule, crust and sulphide mining – an overview -- Chapter4: Towards an ecosystem approach to environmental impact assessment for deep-sea mining -- Chapter5: Technologies for Safe and Sustainable Mining of Deep-Seabed Minerals -- PartB: Environmental impact assessment -- Chapter6: Assessment of deep-sea faunal communities - indicators of environmental impact -- Chapter7: Long term monitoring of environmental conditions of benthic impact experiment -- Chapter8: Metal mobility from hydrothermal sulfides into seawater during deep seafloor mining operations -- Chapter9: Mining in hydrothermal vent fields: predicting and minimizing impacts on ecosystems with the use of a mathematical modeling framework -- Chapter10: Ecotoxicological bioassay using marine algae for deep-sea mining -- PartC: Environmental data standardization and application -- Chapter11: New techniques for standardization of Environmental Impact Assessment -- Chapter12: Environmental factors for design and operation of deep-sea mining system - based on case studies -- PartD: Environmental management -- Chapter13: Environmental Policy for Deep Seabed Mining -- Chapter14: Ecosystem approach for management of deep-sea mining activities -- Chapter15: Improving environmental management practices in deep-sea mining -- Chapter16: The development of Environmental Impact Assessments for deep-sea mining -- Chapter17: Protection of the marine environment: The international and national regulation of deep seabed mining activities -- PartE: Economic Considerations -- Chapter 18: Deep sea natural capital: putting deep see economic activities into an environmental context -- Chapter19: Review of mining rates, environmental impacts, metal values and investments for polymetallic nodules mining -- Chapter20: Techno-economic perspective on processing of polymetallic ocean nodules.</subfield>
          </datafield>
          <datafield tag="520" ind1=" " ind2=" ">
            <subfield code="a">This volume discusses environmental issues associated with deep-sea mining, with an emphasis on potential impacts, their consequences and the policy perspectives. The book describes the methods and technologies to assess, monitor and mitigate mining impacts on marine environments, and also suggests various approaches for environmental management when conducting deep-sea mining. The volume brings together information and data for researchers, contractors, mining companies, regulators, and NGOs working in the field of deep-sea mining. Section 1 highlights the various environmental issues and discusses methods and approaches that can help in developing environmentally sustainable deep-sea mining. Section 2 details the results and outcomes of studies related to impact assessment of deep-sea mining, and proposes methods for monitoring. Section 3 discusses the need and means for developing data standards and their application to deep-sea mining. Section 4 discusses the policies, approaches, and practices related to deep-sea mining, suggests formats for developing environmental impact statements (EIS) and environmental management plans (EMP), and describes national and international regulations for environmental management. Section 5 concludes the text by putting deep-sea economic activities into an environmental context and conducting techno-economic analyses of deep-sea mining and processing.</subfield>
          </datafield>
          <datafield tag="650" ind1=" " ind2="0">
            <subfield code="a">Mineral resources.</subfield>
          </datafield>
          <datafield tag="650" ind1=" " ind2="0">
            <subfield code="a">Oceanography.</subfield>
          </datafield>
          <datafield tag="650" ind1=" " ind2="0">
            <subfield code="a">Materials.</subfield>
          </datafield>
          <datafield tag="650" ind1=" " ind2="0">
            <subfield code="a">Environmental chemistry.</subfield>
          </datafield>
          <datafield tag="650" ind1=" " ind2="0">
            <subfield code="a">Marine Sciences.</subfield>
          </datafield>
          <datafield tag="650" ind1="1" ind2="4">
            <subfield code="a">Mineral Resources.</subfield>
            <subfield code="0">http://scigraph.springernature.com/things/product-market-codes/G38010</subfield>
          </datafield>
          <datafield tag="650" ind1="2" ind2="4">
            <subfield code="a">Oceanography.</subfield>
            <subfield code="0">http://scigraph.springernature.com/things/product-market-codes/G25005</subfield>
          </datafield>
          <datafield tag="650" ind1="2" ind2="4">
            <subfield code="a">Metallic Materials.</subfield>
            <subfield code="0">http://scigraph.springernature.com/things/product-market-codes/Z16000</subfield>
          </datafield>
          <datafield tag="650" ind1="2" ind2="4">
            <subfield code="a">Environmental Chemistry.</subfield>
            <subfield code="0">http://scigraph.springernature.com/things/product-market-codes/U15000</subfield>
          </datafield>
          <datafield tag="650" ind1="2" ind2="4">
            <subfield code="a">Marine &amp; Freshwater Sciences.</subfield>
            <subfield code="0">http://scigraph.springernature.com/things/product-market-codes/U36000</subfield>
          </datafield>
          <datafield tag="650" ind1="2" ind2="4">
            <subfield code="a">Geotechnical Engineering &amp; Applied Earth Sciences.</subfield>
            <subfield code="0">http://scigraph.springernature.com/things/product-market-codes/G37010</subfield>
          </datafield>
          <datafield tag="776" ind1=" " ind2=" ">
            <subfield code="z">3-030-12695-1</subfield>
          </datafield>
          <datafield tag="700" ind1="1" ind2=" ">
            <subfield code="a">Sharma, Rahul.</subfield>
            <subfield code="e">editor.</subfield>
            <subfield code="4">edt</subfield>
            <subfield code="4">http://id.loc.gov/vocabulary/relators/edt</subfield>
          </datafield>
          <datafield tag="906" ind1=" " ind2=" ">
            <subfield code="a">BOOK</subfield>
          </datafield>
          <datafield tag="ADM" ind1=" " ind2=" ">
            <subfield code="b">2020-03-03 15:54:13</subfield>
            <subfield code="e">(CKB)4100000008153848</subfield>
            <subfield code="d">EBC</subfield>
            <subfield code="a">2019-05-04 20:02:20</subfield>
            <subfield code="c">false</subfield>
          </datafield>
          <datafield tag="PRT" ind1=" " ind2=" ">
            <subfield code="i">61446997140003811</subfield>
            <subfield code="updated">2019-06-17 13:03:27</subfield>
            <subfield code="e">Springer Link</subfield>
            <subfield code="c">Springer Earth and Environmental Science eBooks 2019 English/International</subfield>
            <subfield code="created">2019-06-17 13:03:27</subfield>
            <subfield code="j">62446997130003811</subfield>
            <subfield code="a">53469034910003811</subfield>
            <subfield code="b">https://sandbox01-na.alma.exlibrisgroup.com/view/uresolver/01TULI_INST/openurl?u.ignore_date_coverage=true&amp;rft.mms_id=991037067363303811</subfield>
            <subfield code="9">Available</subfield>
            <subfield code="h">614900000000000969</subfield>
            <subfield code="8">53469034910003811</subfield>
          </datafield>
        </record>
      </metadata>
    </record>