
    <record>
      <header>
        <identifier>oai:alma.01TULI_INST:991037067355603811</identifier>
        <datestamp>2021-01-05T21:52:16Z</datestamp>
        <setSpec>blacklight</setSpec>
      </header>
      <metadata>
        <record xmlns="http://www.loc.gov/MARC21/slim" xmlns:xsi="http://www.w3.org/2001/XMLSchema-instance" xsi:schemaLocation="http://www.loc.gov/MARC21/slim http://www.loc.gov/standards/marcxml/schema/MARC21slim.xsd">
          <leader>05082nam a22004695i 4500</leader>
          <controlfield tag="001">991037067355603811</controlfield>
          <controlfield tag="005">20190618233947.0</controlfield>
          <controlfield tag="006">m     o  d |      </controlfield>
          <controlfield tag="007">cr cnu||||||||</controlfield>
          <controlfield tag="008">190529s2019    gw |    o    |||| 0|eng d</controlfield>
          <datafield tag="020" ind1=" " ind2=" ">
            <subfield code="a">3-030-16755-0</subfield>
          </datafield>
          <datafield tag="024" ind1="7" ind2=" ">
            <subfield code="a">10.1007/978-3-030-16755-4</subfield>
            <subfield code="2">doi</subfield>
          </datafield>
          <datafield tag="035" ind1=" " ind2=" ">
            <subfield code="a">(CKB)4100000008339427</subfield>
          </datafield>
          <datafield tag="035" ind1=" " ind2=" ">
            <subfield code="a">(MiAaPQ)EBC5781520</subfield>
          </datafield>
          <datafield tag="035" ind1=" " ind2=" ">
            <subfield code="a">(DE-He213)978-3-030-16755-4</subfield>
          </datafield>
          <datafield tag="035" ind1=" " ind2=" ">
            <subfield code="a">(EXLCZ)994100000008339427</subfield>
          </datafield>
          <datafield tag="050" ind1=" " ind2="4">
            <subfield code="a">RD544</subfield>
          </datafield>
          <datafield tag="072" ind1=" " ind2="7">
            <subfield code="a">MNG</subfield>
            <subfield code="2">bicssc</subfield>
          </datafield>
          <datafield tag="072" ind1=" " ind2="7">
            <subfield code="a">MED085060</subfield>
            <subfield code="2">bisacsh</subfield>
          </datafield>
          <datafield tag="072" ind1=" " ind2="7">
            <subfield code="a">MNG</subfield>
            <subfield code="2">thema</subfield>
          </datafield>
          <datafield tag="082" ind1="0" ind2=" ">
            <subfield code="a">616.344075</subfield>
            <subfield code="2">23</subfield>
          </datafield>
          <datafield tag="245" ind1="1" ind2="0">
            <subfield code="a">Mastery of IBD Surgery</subfield>
            <subfield code="h">[electronic resource] /</subfield>
            <subfield code="c">edited by Neil Hyman, Phillip Fleshner, Scott Strong.</subfield>
          </datafield>
          <datafield tag="250" ind1=" " ind2=" ">
            <subfield code="a">1st ed. 2019.</subfield>
          </datafield>
          <datafield tag="264" ind1=" " ind2="1">
            <subfield code="a">Cham :</subfield>
            <subfield code="b">Springer International Publishing :</subfield>
            <subfield code="b">Imprint: Springer,</subfield>
            <subfield code="c">2019.</subfield>
          </datafield>
          <datafield tag="300" ind1=" " ind2=" ">
            <subfield code="a">1 online resource (400 pages)</subfield>
          </datafield>
          <datafield tag="336" ind1=" " ind2=" ">
            <subfield code="a">text</subfield>
            <subfield code="b">txt</subfield>
            <subfield code="2">rdacontent</subfield>
          </datafield>
          <datafield tag="337" ind1=" " ind2=" ">
            <subfield code="a">computer</subfield>
            <subfield code="b">c</subfield>
            <subfield code="2">rdamedia</subfield>
          </datafield>
          <datafield tag="338" ind1=" " ind2=" ">
            <subfield code="a">online resource</subfield>
            <subfield code="b">cr</subfield>
            <subfield code="2">rdacarrier</subfield>
          </datafield>
          <datafield tag="505" ind1="0" ind2=" ">
            <subfield code="a">Nutritional Repletion in the Surgical Patient -- Preoperative Bowel Prep -- Extended Venous Thromboembolism Prophylaxis after Surgery for Inflammatory Bowel Diseases -- The Use of Enhanced Recovery Pathways in Patients Undergoing Surgery for Inflammatory Bowel Disease -- Perioperative Steroid Management in IBD Patients Undergoing Colorectal Surgery -- Managing ImmunomodulatorsPerioperatively -- Managing Biologics Perioperatively -- Management of Perianal Skin Tags -- Management of Chronic Anal Fissures in Patients with Crohn’s Disease -- Management of Simple Anoperineal Fistulas -- Management of Severe Anoperineal Disease -- Management ofAno/Rectovaginal Fistula -- Proctectomy in Patients with “Watering Can”Perineum -- Management of Isolated Proctitis/Proctosigmoiditis -- Role of IPAA for Crohn’s Disease -- Surgical Options for Neoplasia Complicating Crohn’s Disease of the Large Intestine -- The Role of Segmental Resection for Colon Disease -- Role of Percutaneous Drainage for Disease-related Abscesses -- Management After Successful Percutaneous Drainage of Disease-Related Abscess -- Intraoperative Detection of Upper Gastrointestinal Strictures -- Management of long segment small bowel Crohn’s disease -- Construction of the Ideal Ileocolic Anastomosis in Crohn’s Disease -- Management of Enteroenteric Fistula -- Preventing Postoperative Crohn’s Disease Recurrence -- Role of Minimally Invasive Reoperative Surgery -- Extent of mesenteric resection -- Role of Endoscopic Management in Ulcerative Colitis Patients with Dysplasia -- Surgical Options for Endoscopically Unresectable Dysplasia in Ulcerative Colitis -- Management of Ulcerative Colitis in Patients with Rectal Cancer -- Surgical Approach to the Older Ulcerative Colitis Patient -- Role of Minimally Invasive Surgery in Pouch Surgery -- How Many Stages Should We Use in Pouch Surgery? -- Optimal Design for Ileal-Pouch Anal Anastomosis -- Failed pouch-pouch excision vs redo -- Mucosectomy versus stapled ileal pouch-anal anastomosis -- Transanal Proctectomy and Ileoanal Pouch Procedure (ta-J Pouch) -- Use of Antiadhesive Barriers in Pouch Surgery -- Optimal management of Pelvic Abscess after Pouch Surgery -- Management of Chronic Pouchitis -- Management of Ileal Pouch Vaginal Fistulas -- Management of IPAA-Associated Persistent Presacral Sinus -- The Management of Patients with Dysplasia in the Anal Transitional Zone -- Pouch excision versus diversion for the failed pouch -- Pouch Excision vs. Redo IPAA After a Failed Pouch -- Continent Ileostomy after Removal of a Failed IPAA.</subfield>
          </datafield>
          <datafield tag="520" ind1=" " ind2=" ">
            <subfield code="a">This book provides a guide to the management of patients with Crohn’s disease and ulcerative colitis. The indications for surgery within inflammatory bowel disease are covered, as well as new biologic medications and the effects they have on the immune system. Details on how these drugs should be managed to avoid complications and ensure patient safety are also included. Mastery of IBD Surgery sets out to cover surgical responses to inflammatory bowel disease from a multidisciplinary perspective and aims to help all surgeons and medical professionals working in this area. This book is relevant to colorectal surgeons, gastrointestinal surgeons, and gastroenterologists.</subfield>
          </datafield>
          <datafield tag="650" ind1=" " ind2="0">
            <subfield code="a">Colon (Anatomy)</subfield>
            <subfield code="x">Surgery.</subfield>
          </datafield>
          <datafield tag="650" ind1=" " ind2="0">
            <subfield code="a">Gastroenterology.</subfield>
          </datafield>
          <datafield tag="650" ind1="1" ind2="4">
            <subfield code="a">Colorectal Surgery.</subfield>
            <subfield code="0">http://scigraph.springernature.com/things/product-market-codes/H59036</subfield>
          </datafield>
          <datafield tag="650" ind1="2" ind2="4">
            <subfield code="a">Gastroenterology.</subfield>
            <subfield code="0">http://scigraph.springernature.com/things/product-market-codes/H33061</subfield>
          </datafield>
          <datafield tag="776" ind1=" " ind2=" ">
            <subfield code="z">3-030-16754-2</subfield>
          </datafield>
          <datafield tag="700" ind1="1" ind2=" ">
            <subfield code="a">Hyman, Neil.</subfield>
            <subfield code="e">editor.</subfield>
            <subfield code="4">edt</subfield>
            <subfield code="4">http://id.loc.gov/vocabulary/relators/edt</subfield>
          </datafield>
          <datafield tag="700" ind1="1" ind2=" ">
            <subfield code="a">Fleshner, Phillip.</subfield>
            <subfield code="e">editor.</subfield>
            <subfield code="4">edt</subfield>
            <subfield code="4">http://id.loc.gov/vocabulary/relators/edt</subfield>
          </datafield>
          <datafield tag="700" ind1="1" ind2=" ">
            <subfield code="a">Strong, Scott.</subfield>
            <subfield code="e">editor.</subfield>
            <subfield code="4">edt</subfield>
            <subfield code="4">http://id.loc.gov/vocabulary/relators/edt</subfield>
          </datafield>
          <datafield tag="906" ind1=" " ind2=" ">
            <subfield code="a">BOOK</subfield>
          </datafield>
          <datafield tag="ADM" ind1=" " ind2=" ">
            <subfield code="b">2019-10-24 22:39:47</subfield>
            <subfield code="e">(CKB)4100000008339427</subfield>
            <subfield code="d">CKB</subfield>
            <subfield code="a">2019-06-08 20:26:08</subfield>
            <subfield code="c">false</subfield>
          </datafield>
          <datafield tag="PRT" ind1=" " ind2=" ">
            <subfield code="i">61446976200003811</subfield>
            <subfield code="updated">2019-06-17 13:04:06</subfield>
            <subfield code="e">Springer Link</subfield>
            <subfield code="c">Springer Medicine eBooks 2019 English/International</subfield>
            <subfield code="created">2019-06-17 13:04:06</subfield>
            <subfield code="j">62446976190003811</subfield>
            <subfield code="a">53469032580003811</subfield>
            <subfield code="b">https://sandbox01-na.alma.exlibrisgroup.com/view/uresolver/01TULI_INST/openurl?u.ignore_date_coverage=true&amp;rft.mms_id=991037067355603811</subfield>
            <subfield code="9">Available</subfield>
            <subfield code="h">614900000000000978</subfield>
            <subfield code="8">53469032580003811</subfield>
          </datafield>
        </record>
      </metadata>
    </record>