
    <record>
      <header>
        <identifier>oai:alma.01TULI_INST:991037067356103811</identifier>
        <datestamp>2021-01-05T21:52:57Z</datestamp>
        <setSpec>blacklight</setSpec>
      </header>
      <metadata>
        <record xmlns="http://www.loc.gov/MARC21/slim" xmlns:xsi="http://www.w3.org/2001/XMLSchema-instance" xsi:schemaLocation="http://www.loc.gov/MARC21/slim http://www.loc.gov/standards/marcxml/schema/MARC21slim.xsd">
          <leader>05671nam a22005535i 4500</leader>
          <controlfield tag="001">991037067356103811</controlfield>
          <controlfield tag="005">20200324194217.0</controlfield>
          <controlfield tag="006">m     o  d |      </controlfield>
          <controlfield tag="007">cr#cnu||||||||</controlfield>
          <controlfield tag="008">190529s2019    gw |    o    |||| 0|eng d</controlfield>
          <datafield tag="020" ind1=" " ind2=" ">
            <subfield code="a">3-030-11830-4</subfield>
          </datafield>
          <datafield tag="024" ind1="7" ind2=" ">
            <subfield code="a">10.1007/978-3-030-11830-3</subfield>
            <subfield code="2">doi</subfield>
          </datafield>
          <datafield tag="035" ind1=" " ind2=" ">
            <subfield code="a">(CKB)4100000008339188</subfield>
          </datafield>
          <datafield tag="035" ind1=" " ind2=" ">
            <subfield code="a">(MiAaPQ)EBC5781083</subfield>
          </datafield>
          <datafield tag="035" ind1=" " ind2=" ">
            <subfield code="a">(DE-He213)978-3-030-11830-3</subfield>
          </datafield>
          <datafield tag="035" ind1=" " ind2=" ">
            <subfield code="a">(EXLCZ)994100000008339188</subfield>
          </datafield>
          <datafield tag="050" ind1=" " ind2="4">
            <subfield code="a">RD1-811</subfield>
          </datafield>
          <datafield tag="072" ind1=" " ind2="7">
            <subfield code="a">MN</subfield>
            <subfield code="2">bicssc</subfield>
          </datafield>
          <datafield tag="072" ind1=" " ind2="7">
            <subfield code="a">MED085000</subfield>
            <subfield code="2">bisacsh</subfield>
          </datafield>
          <datafield tag="072" ind1=" " ind2="7">
            <subfield code="a">MN</subfield>
            <subfield code="2">thema</subfield>
          </datafield>
          <datafield tag="082" ind1="0" ind2=" ">
            <subfield code="a">616.028</subfield>
            <subfield code="2">23</subfield>
          </datafield>
          <datafield tag="245" ind1="1" ind2="0">
            <subfield code="a">Intensive Care for Emergency Surgeons</subfield>
            <subfield code="h">[electronic resource] /</subfield>
            <subfield code="c">edited by Edoardo Picetti, Bruno M. Pereira, Tarek Razek, Mayur Narayan, Jeffry L. Kashuk.</subfield>
          </datafield>
          <datafield tag="250" ind1=" " ind2=" ">
            <subfield code="a">1st ed. 2019.</subfield>
          </datafield>
          <datafield tag="264" ind1=" " ind2="1">
            <subfield code="a">Cham :</subfield>
            <subfield code="b">Springer International Publishing :</subfield>
            <subfield code="b">Imprint: Springer,</subfield>
            <subfield code="c">2019.</subfield>
          </datafield>
          <datafield tag="300" ind1=" " ind2=" ">
            <subfield code="a">1 online resource (357 pages).</subfield>
          </datafield>
          <datafield tag="336" ind1=" " ind2=" ">
            <subfield code="a">text</subfield>
            <subfield code="b">txt</subfield>
            <subfield code="2">rdacontent</subfield>
          </datafield>
          <datafield tag="337" ind1=" " ind2=" ">
            <subfield code="a">computer</subfield>
            <subfield code="b">c</subfield>
            <subfield code="2">rdamedia</subfield>
          </datafield>
          <datafield tag="338" ind1=" " ind2=" ">
            <subfield code="a">online resource</subfield>
            <subfield code="b">cr</subfield>
            <subfield code="2">rdacarrier</subfield>
          </datafield>
          <datafield tag="490" ind1="1" ind2=" ">
            <subfield code="a">Hot Topics in Acute Care Surgery and Trauma,</subfield>
            <subfield code="x">2520-8284</subfield>
          </datafield>
          <datafield tag="505" ind1="0" ind2="0">
            <subfield code="g">1</subfield>
            <subfield code="t">Admission/Discharge Criterion for Acute Care Surgery Patients in the ICU : A General Review of ICU Admission and Discharge Indications --</subfield>
            <subfield code="g">2</subfield>
            <subfield code="t">Acute Respiratory Failure and Acute Respiratory Distress Syndrome in ACS Patient : What Are the Indications for Acute Intervention? --</subfield>
            <subfield code="g">3</subfield>
            <subfield code="t">Nuts and Bolts of Ventilator Management : When Is Invasive or Noninvasive Mechanical Ventilation Appropriate for Your Patient? --</subfield>
            <subfield code="g">4</subfield>
            <subfield code="t">Principles of Weaning from Ventilatory Support : When and Why to Wean and When to Consider a Tracheostomy --</subfield>
            <subfield code="g">5</subfield>
            <subfield code="t">Circulatory Failure and Support in the ACS Patient : What Are the Optimal Methods of Providing Circulatory Monitoring and Support?  --</subfield>
            <subfield code="g">6</subfield>
            <subfield code="t">Brain injury in the ACS patient : Nuts and bolts of neuromonitoring and management --</subfield>
            <subfield code="g">7</subfield>
            <subfield code="t">Renal failure in the ACS patient : Understanding appropriate fluid management and renal replacement therapy --</subfield>
            <subfield code="g">8</subfield>
            <subfield code="t">Acute hepatic failure in the ACS patient : Nuts and bolts of pathophysiology and therapy --</subfield>
            <subfield code="g">9</subfield>
            <subfield code="t">Shock, Resuscitation, and Fluid Therapy Strategies in Acute Care Surgery : From Pathophysiology to Practice --</subfield>
            <subfield code="g">10</subfield>
            <subfield code="t">Blood Therapy in the Acute Care Surgery Patient --</subfield>
            <subfield code="g">11</subfield>
            <subfield code="t">Coagulation Derangements in the ACS Patient : Understanding and Addressing Acute Coagulopathy --</subfield>
            <subfield code="g">12</subfield>
            <subfield code="t">Nutrition and Metabolic Support of the ACS patient : Understanding goals and ways to achieve them --</subfield>
            <subfield code="g">13</subfield>
            <subfield code="t">Intra-Abdominal Hypertension, Abdominal Compartment Syndrome and the Open Abdomen : Looking Beyond the Obvious to New Understandings in Pathophysiology, Harm-Reduction and Systemic Therapies --</subfield>
            <subfield code="g">14</subfield>
            <subfield code="t">Infectious Complications : Understanding Appropriate Antibiotic Choice and Utilization --</subfield>
            <subfield code="g">15</subfield>
            <subfield code="t">Ongoing Intraabdominal Infection Requiring ICU Care : Prioritizing Treatment Decisions --</subfield>
            <subfield code="g">16</subfield>
            <subfield code="t">Ultrasounds in the ICU - Nuts and bolts in the ACS patient management --</subfield>
            <subfield code="g">17</subfield>
            <subfield code="t">Ultrasound in the ICU : Nuts and Bolts for Managing the ACS Patient --</subfield>
            <subfield code="g">18</subfield>
            <subfield code="t">Nuts and Bolts of Interventional Radiology: A Valuable Adjunct for the Care of the ACS Patients --</subfield>
            <subfield code="g">19</subfield>
            <subfield code="t">Ethical Decisions and Dilemmas in the ACS Patients Requiring ICU : Understanding When to Start and When to Stop --</subfield>
            <subfield code="g">20</subfield>
            <subfield code="t">Intensive Care for Emergency Surgeons: Mass Casualties  ---</subfield>
            <subfield code="g">21</subfield>
            <subfield code="t">ACS Patient in Resource-Limited Setting : How to Get the Maximum from the Minimum!</subfield>
          </datafield>
          <datafield tag="520" ind1=" " ind2=" ">
            <subfield code="a">This book provides the basis needed for a dialogue between intensivists and emergency surgeons regarding the management and monitoring of acute care surgery (ACS) patients who require Intensive Care Unit (ICU) admission. It puts forward a practical approach to the treatment of common emergencies in daily clinical practice, and shares essential information on the treatment and monitoring of hemodynamic, respiratory, metabolic and neurological problems related to acute surgical patients requiring ICU admission. Furthermore, it includes two chapters regarding diagnostic and interventional radiology (fundamentals in daily emergency clinical practice), and addresses important issues such as ethics, mass casualty care, and care in low-resource settings. As such, the book not only offers a valuable guide for all practicing surgeons and intensivists, but is also relevant for residents and fellows who are newcomers to ACS.</subfield>
          </datafield>
          <datafield tag="650" ind1=" " ind2="0">
            <subfield code="a">Surgery.</subfield>
          </datafield>
          <datafield tag="650" ind1=" " ind2="0">
            <subfield code="a">Emergency medicine.</subfield>
          </datafield>
          <datafield tag="650" ind1=" " ind2="0">
            <subfield code="a">Critical care medicine.</subfield>
          </datafield>
          <datafield tag="650" ind1=" " ind2="0">
            <subfield code="a">Anesthesiology.</subfield>
          </datafield>
          <datafield tag="650" ind1=" " ind2="2">
            <subfield code="a">Critical Care</subfield>
            <subfield code="0">https://id.nlm.nih.gov/mesh/D003422</subfield>
          </datafield>
          <datafield tag="650" ind1=" " ind2="2">
            <subfield code="a">Emergency Medicine</subfield>
            <subfield code="0">https://id.nlm.nih.gov/mesh/D004635</subfield>
          </datafield>
          <datafield tag="650" ind1="1" ind2="4">
            <subfield code="a">Surgery.</subfield>
            <subfield code="0">http://scigraph.springernature.com/things/product-market-codes/H59001</subfield>
          </datafield>
          <datafield tag="650" ind1="2" ind2="4">
            <subfield code="a">Emergency Medicine.</subfield>
            <subfield code="0">http://scigraph.springernature.com/things/product-market-codes/H22000</subfield>
          </datafield>
          <datafield tag="650" ind1="2" ind2="4">
            <subfield code="a">Intensive / Critical Care Medicine.</subfield>
            <subfield code="0">http://scigraph.springernature.com/things/product-market-codes/H3100X</subfield>
          </datafield>
          <datafield tag="650" ind1="2" ind2="4">
            <subfield code="a">Anesthesiology.</subfield>
            <subfield code="0">http://scigraph.springernature.com/things/product-market-codes/H13001</subfield>
          </datafield>
          <datafield tag="650" ind1="2" ind2="4">
            <subfield code="a">Primary Care Medicine.</subfield>
            <subfield code="0">http://scigraph.springernature.com/things/product-market-codes/H51000</subfield>
          </datafield>
          <datafield tag="776" ind1=" " ind2=" ">
            <subfield code="z">3-030-11829-0</subfield>
          </datafield>
          <datafield tag="700" ind1="1" ind2=" ">
            <subfield code="a">Picetti, Edoardo.</subfield>
            <subfield code="e">editor.</subfield>
            <subfield code="4">edt</subfield>
            <subfield code="4">http://id.loc.gov/vocabulary/relators/edt</subfield>
          </datafield>
          <datafield tag="700" ind1="1" ind2=" ">
            <subfield code="a">Pereira, Bruno M.</subfield>
            <subfield code="e">editor.</subfield>
            <subfield code="4">edt</subfield>
            <subfield code="4">http://id.loc.gov/vocabulary/relators/edt</subfield>
          </datafield>
          <datafield tag="700" ind1="1" ind2=" ">
            <subfield code="a">Razek, Tarek.</subfield>
            <subfield code="e">editor.</subfield>
            <subfield code="4">edt</subfield>
            <subfield code="4">http://id.loc.gov/vocabulary/relators/edt</subfield>
          </datafield>
          <datafield tag="700" ind1="1" ind2=" ">
            <subfield code="a">Narayan, Mayur.</subfield>
            <subfield code="e">editor.</subfield>
            <subfield code="4">edt</subfield>
            <subfield code="4">http://id.loc.gov/vocabulary/relators/edt</subfield>
          </datafield>
          <datafield tag="700" ind1="1" ind2=" ">
            <subfield code="a">Kashuk, Jeffry L.</subfield>
            <subfield code="e">editor.</subfield>
            <subfield code="4">edt</subfield>
            <subfield code="4">http://id.loc.gov/vocabulary/relators/edt</subfield>
          </datafield>
          <datafield tag="830" ind1=" " ind2="0">
            <subfield code="a">Hot Topics in Acute Care Surgery and Trauma,</subfield>
            <subfield code="x">2520-8284</subfield>
          </datafield>
          <datafield tag="906" ind1=" " ind2=" ">
            <subfield code="a">BOOK</subfield>
          </datafield>
          <datafield tag="ADM" ind1=" " ind2=" ">
            <subfield code="b">2020-03-25 05:36:08</subfield>
            <subfield code="e">(CKB)4100000008339188</subfield>
            <subfield code="d">CKB</subfield>
            <subfield code="a">2019-06-08 20:26:08</subfield>
            <subfield code="c">false</subfield>
          </datafield>
          <datafield tag="PRT" ind1=" " ind2=" ">
            <subfield code="i">61446976200003811</subfield>
            <subfield code="updated">2019-06-17 13:04:04</subfield>
            <subfield code="e">Springer Link</subfield>
            <subfield code="c">Springer Medicine eBooks 2019 English/International</subfield>
            <subfield code="created">2019-06-17 13:04:04</subfield>
            <subfield code="j">62446976190003811</subfield>
            <subfield code="a">53469032730003811</subfield>
            <subfield code="b">https://sandbox01-na.alma.exlibrisgroup.com/view/uresolver/01TULI_INST/openurl?u.ignore_date_coverage=true&amp;rft.mms_id=991037067356103811</subfield>
            <subfield code="9">Available</subfield>
            <subfield code="h">614900000000000978</subfield>
            <subfield code="8">53469032730003811</subfield>
          </datafield>
        </record>
      </metadata>
    </record>