
    <record>
      <header>
        <identifier>oai:alma.01TULI_INST:991037067360603811</identifier>
        <datestamp>2021-01-05T21:52:20Z</datestamp>
        <setSpec>blacklight</setSpec>
      </header>
      <metadata>
        <record xmlns="http://www.loc.gov/MARC21/slim" xmlns:xsi="http://www.w3.org/2001/XMLSchema-instance" xsi:schemaLocation="http://www.loc.gov/MARC21/slim http://www.loc.gov/standards/marcxml/schema/MARC21slim.xsd">
          <leader>01243nam  2200325 i 4500</leader>
          <controlfield tag="001">991037067360603811</controlfield>
          <controlfield tag="005">20200911133419.0</controlfield>
          <controlfield tag="006">m     o  d |      </controlfield>
          <controlfield tag="007">cr nn 008mamaa</controlfield>
          <controlfield tag="008">200911s2019    sz      o     000 0 eng d</controlfield>
          <datafield tag="020" ind1=" " ind2=" ">
            <subfield code="a">3-030-05147-1</subfield>
          </datafield>
          <datafield tag="024" ind1="7" ind2=" ">
            <subfield code="a">10.1007/978-3-030-05147-1</subfield>
            <subfield code="2">doi</subfield>
          </datafield>
          <datafield tag="035" ind1=" " ind2=" ">
            <subfield code="a">(CKB)4100000008217375</subfield>
          </datafield>
          <datafield tag="035" ind1=" " ind2=" ">
            <subfield code="a">(DE-He213)978-3-030-05147-1</subfield>
          </datafield>
          <datafield tag="035" ind1=" " ind2=" ">
            <subfield code="a">(MiAaPQ)EBC5920078</subfield>
          </datafield>
          <datafield tag="035" ind1=" " ind2=" ">
            <subfield code="a">(EXLCZ)994100000008217375</subfield>
          </datafield>
          <datafield tag="040" ind1=" " ind2=" ">
            <subfield code="a">MiAaPQ</subfield>
            <subfield code="b">eng</subfield>
            <subfield code="e">rda</subfield>
            <subfield code="e">pn</subfield>
            <subfield code="c">MiAaPQ</subfield>
            <subfield code="d">MiAaPQ</subfield>
          </datafield>
          <datafield tag="050" ind1=" " ind2="4">
            <subfield code="a">RC584</subfield>
            <subfield code="b">.A454 2019</subfield>
          </datafield>
          <datafield tag="072" ind1=" " ind2="7">
            <subfield code="a">MJCM1</subfield>
            <subfield code="2">bicssc</subfield>
          </datafield>
          <datafield tag="072" ind1=" " ind2="7">
            <subfield code="a">MED044000</subfield>
            <subfield code="2">bisacsh</subfield>
          </datafield>
          <datafield tag="072" ind1=" " ind2="7">
            <subfield code="a">MJCM1</subfield>
            <subfield code="2">thema</subfield>
          </datafield>
          <datafield tag="082" ind1="0" ind2=" ">
            <subfield code="a">616.97</subfield>
            <subfield code="2">23</subfield>
          </datafield>
          <datafield tag="245" ind1="0" ind2="0">
            <subfield code="a">Allergy and asthma :</subfield>
            <subfield code="b">the basics to best practices /</subfield>
            <subfield code="c">Massou Mahmoudi, editor-in-chief.</subfield>
          </datafield>
          <datafield tag="250" ind1=" " ind2=" ">
            <subfield code="a">1st ed. 2019.</subfield>
          </datafield>
          <datafield tag="264" ind1=" " ind2="1">
            <subfield code="a">Cham, Switzerland :</subfield>
            <subfield code="b">Springer,</subfield>
            <subfield code="c">[2019]</subfield>
          </datafield>
          <datafield tag="264" ind1=" " ind2="4">
            <subfield code="c">©2019</subfield>
          </datafield>
          <datafield tag="300" ind1=" " ind2=" ">
            <subfield code="a">1 online resource (126 illus., 95 illus. in color. eReference.) </subfield>
          </datafield>
          <datafield tag="336" ind1=" " ind2=" ">
            <subfield code="a">text</subfield>
            <subfield code="b">txt</subfield>
            <subfield code="2">rdacontent</subfield>
          </datafield>
          <datafield tag="337" ind1=" " ind2=" ">
            <subfield code="a">computer</subfield>
            <subfield code="b">c</subfield>
            <subfield code="2">rdamedia</subfield>
          </datafield>
          <datafield tag="338" ind1=" " ind2=" ">
            <subfield code="a">online resource</subfield>
            <subfield code="b">cr</subfield>
            <subfield code="2">rdacarrier</subfield>
          </datafield>
          <datafield tag="505" ind1="0" ind2=" ">
            <subfield code="a">SECTION-1: Introduction -- Background -- allergic diseases -- Introduction to the immune system -- Epidemiology of allergic diseases -- Evaluation of an allergic patient -- Environmental allergens -- SECTION-2: Common Allergic Diseases and Related Illnesses -- Allegic diseases of the eye -- Allergic Rhinitis -- Allergic disease of ear -- Sinsusitis and allergies -- Eosinophilic Esophagitis -- Urticaria &amp; Angioedema -- Atopic Dermatitis -- Allergic contact Dermatitis -- Food Allergy -- Drug Allergy -- Latex Allergy -- Insect Sting Allergy -- Allergy in School Children -- Anaphylaxis -- SECTION 3- Asthma and respiratory allergy -- Asthma phenotype -- Asthma -- Allergic asthma -- Exercise induced asthma -- Aspirin-induced asthma -- Cough and cough-variant asthma -- Occuaptiponal asthma -- Asthma in elderl -- Astham in pregnancy -- Astham Masquerader -- Allergic Bronchopulmonary Asperigillus -- Hypersensitivity pneumonitis -- SECTION 3-Diagnoses -- Prick skin tests -- In-Vitro testing -- Patch Testing -- Non-conventional allergy tests -- SECTION 4-Management and Treatment of Allergic Disease -- Preventive and Control measures in Management of Allergic Diseases -- Antihistmaiens -- Bronchodilateros -- Corticosteroids -- Anti-IgE Therapy -- Anti-IL-5 Therapy -- Immunotherapy -- Sublingual Immunotherapy -- Complementary and Alternative Therapy.</subfield>
          </datafield>
          <datafield tag="520" ind1=" " ind2=" ">
            <subfield code="a">Allergy and Asthma: The Basics to Best Practices is intended to serve as a single comprehensive reference covering all needed knowledge of allergic diseases. Allergy is a unique and distinctive area of medicine wherein learning the fundamentals requires gathering information from various different disciplines. Allergic diseases affect various organ systems and the practice of a wide range of physicians from otolaryngologists, and pulmonologists, to gastroenterologists, dermatologists, and ophthalmologists. Clinicians and trainees alike will benefit from a resource that introduces the basic concepts, as well as providing comprehensive, consistently up-to-date instruction on intermediate and advanced conditions, research, and treatment strategies. The book is divided into nine sections and is written by some of the foremost experts in the field. Allergy and Asthma opens with an introduction which covers the epidemiology of allergic diseases, fundamentals of allergy and immunology, and a thorough grounding of different types of allergens. Early sections address allergic upper airway diseases, allergic skin diseases, and asthma in detail, using a structured, consistent format from chapter to chapter to provide continuity and ease of reference. Later sections thoroughly cover various food allergies, insect allergies, drug allergy, anaphylaxis, and utilize ample tables and illustrations to provide additional learning tools for the reader. This major reference not only provides basic knowledge on diagnosing and treating allergies, but moves beyond these basics to emphasize using a systematic approach to working up and treating a patient. A variety of techniques used in diagnosing asthma and allergy will be examined, of which include prick skin tests, in-vitro testing, patch testing and non-conventional allergy tests. Concluding this book are sections dedicated to management, therapeutic strategies of allergy and asthma, with a look to future research directions for this unique field. Physicians and residents in allergy and immunology, pulmonology, otolaryngology, gastroenterology, dermatology, ophthalmology and other specialties will find the work of value in enhancing their practice and studies. Researchers in a range of areas especially immunology and food science will also find this text to be a compelling and reliable resource.</subfield>
          </datafield>
          <datafield tag="588" ind1=" " ind2=" ">
            <subfield code="a">Description based on print version record.</subfield>
          </datafield>
          <datafield tag="650" ind1=" " ind2="0">
            <subfield code="a">Allergy.</subfield>
          </datafield>
          <datafield tag="655" ind1=" " ind2="4">
            <subfield code="a">Electronic books.</subfield>
          </datafield>
          <datafield tag="776" ind1=" " ind2=" ">
            <subfield code="z">3-030-05146-3</subfield>
          </datafield>
          <datafield tag="700" ind1="1" ind2=" ">
            <subfield code="a">Mahmoudi, Massoud,</subfield>
            <subfield code="e">editor.</subfield>
          </datafield>
          <datafield tag="906" ind1=" " ind2=" ">
            <subfield code="a">BOOK</subfield>
          </datafield>
          <datafield tag="ADM" ind1=" " ind2=" ">
            <subfield code="b">2020-09-19 14:19:38</subfield>
            <subfield code="e">(CKB)4100000008217375</subfield>
            <subfield code="d">CKB</subfield>
            <subfield code="a">2019-06-01 20:10:50</subfield>
            <subfield code="c">false</subfield>
          </datafield>
          <datafield tag="PRT" ind1=" " ind2=" ">
            <subfield code="i">61446976200003811</subfield>
            <subfield code="updated">2019-06-17 13:03:46</subfield>
            <subfield code="e">Springer Link</subfield>
            <subfield code="c">Springer Medicine eBooks 2019 English/International</subfield>
            <subfield code="created">2019-06-17 13:03:46</subfield>
            <subfield code="j">62446976190003811</subfield>
            <subfield code="a">53469034100003811</subfield>
            <subfield code="b">https://sandbox01-na.alma.exlibrisgroup.com/view/uresolver/01TULI_INST/openurl?u.ignore_date_coverage=true&amp;rft.mms_id=991037067360603811</subfield>
            <subfield code="9">Available</subfield>
            <subfield code="h">614900000000000978</subfield>
            <subfield code="8">53469034100003811</subfield>
          </datafield>
        </record>
      </metadata>
    </record>