
    <record>
      <header>
        <identifier>oai:alma.01TULI_INST:991037067355403811</identifier>
        <datestamp>2021-01-05T21:51:45Z</datestamp>
        <setSpec>blacklight</setSpec>
      </header>
      <metadata>
        <record xmlns="http://www.loc.gov/MARC21/slim" xmlns:xsi="http://www.w3.org/2001/XMLSchema-instance" xsi:schemaLocation="http://www.loc.gov/MARC21/slim http://www.loc.gov/standards/marcxml/schema/MARC21slim.xsd">
          <leader>05225nam a22005175i 4500</leader>
          <controlfield tag="001">991037067355403811</controlfield>
          <controlfield tag="005">20190619221248.0</controlfield>
          <controlfield tag="006">m     o  d |      </controlfield>
          <controlfield tag="007">cr cnu||||||||</controlfield>
          <controlfield tag="008">190529s2019    gw |    o    |||| 0|eng d</controlfield>
          <datafield tag="020" ind1=" " ind2=" ">
            <subfield code="a">3-030-03934-X</subfield>
          </datafield>
          <datafield tag="024" ind1="7" ind2=" ">
            <subfield code="a">10.1007/978-3-030-03934-9</subfield>
            <subfield code="2">doi</subfield>
          </datafield>
          <datafield tag="035" ind1=" " ind2=" ">
            <subfield code="a">(CKB)4100000008339436</subfield>
          </datafield>
          <datafield tag="035" ind1=" " ind2=" ">
            <subfield code="a">(MiAaPQ)EBC5781532</subfield>
          </datafield>
          <datafield tag="035" ind1=" " ind2=" ">
            <subfield code="a">(DE-He213)978-3-030-03934-9</subfield>
          </datafield>
          <datafield tag="035" ind1=" " ind2=" ">
            <subfield code="a">(EXLCZ)994100000008339436</subfield>
          </datafield>
          <datafield tag="050" ind1=" " ind2="4">
            <subfield code="a">RC927-927.5</subfield>
          </datafield>
          <datafield tag="072" ind1=" " ind2="7">
            <subfield code="a">MJM</subfield>
            <subfield code="2">bicssc</subfield>
          </datafield>
          <datafield tag="072" ind1=" " ind2="7">
            <subfield code="a">MED083000</subfield>
            <subfield code="2">bisacsh</subfield>
          </datafield>
          <datafield tag="072" ind1=" " ind2="7">
            <subfield code="a">MJM</subfield>
            <subfield code="2">thema</subfield>
          </datafield>
          <datafield tag="082" ind1="0" ind2=" ">
            <subfield code="a">616.723</subfield>
            <subfield code="2">23</subfield>
          </datafield>
          <datafield tag="245" ind1="1" ind2="0">
            <subfield code="a">Genetics of Rare Autoimmune Diseases</subfield>
            <subfield code="h">[electronic resource] /</subfield>
            <subfield code="c">edited by Javier Martín, Francisco David Carmona.</subfield>
          </datafield>
          <datafield tag="250" ind1=" " ind2=" ">
            <subfield code="a">1st ed. 2019.</subfield>
          </datafield>
          <datafield tag="264" ind1=" " ind2="1">
            <subfield code="a">Cham :</subfield>
            <subfield code="b">Springer International Publishing :</subfield>
            <subfield code="b">Imprint: Springer,</subfield>
            <subfield code="c">2019.</subfield>
          </datafield>
          <datafield tag="300" ind1=" " ind2=" ">
            <subfield code="a">1 online resource (244 pages).</subfield>
          </datafield>
          <datafield tag="336" ind1=" " ind2=" ">
            <subfield code="a">text</subfield>
            <subfield code="b">txt</subfield>
            <subfield code="2">rdacontent</subfield>
          </datafield>
          <datafield tag="337" ind1=" " ind2=" ">
            <subfield code="a">computer</subfield>
            <subfield code="b">c</subfield>
            <subfield code="2">rdamedia</subfield>
          </datafield>
          <datafield tag="338" ind1=" " ind2=" ">
            <subfield code="a">online resource</subfield>
            <subfield code="b">cr</subfield>
            <subfield code="2">rdacarrier</subfield>
          </datafield>
          <datafield tag="490" ind1="1" ind2=" ">
            <subfield code="a">Rare Diseases of the Immune System,</subfield>
            <subfield code="x">2282-6505</subfield>
          </datafield>
          <datafield tag="505" ind1="0" ind2=" ">
            <subfield code="a">Preface -- I Connective tissue diseases -- 1 Systemic lupus erythematosus (Possible contributors: Maria Teruel &amp; Marta Alarcón) -- 2 Systemic sclerosis (Possible contributors: Elena Lopez-Isac &amp; Marialbert Acosta) -- 3 Behçet’s disease (Possible contributors: Lourdes Ortiz &amp; Francisca Gonzalez-Ecribano) -- 4 Sjogren's síndrome (Possible contributors: Pers JO, Renaudineau Y. &amp; Xavier Marriet) -- 5 Polymiositis/Dermatomyositis (Possible contributors: Ana Márquez &amp; Albert Selva) -- II Autoimmune Vasculitis -- 6 ANCA-associated Vasculitis (Possible contributors: Augusto Vaglio) -- 7 Giant Cell Arteritis (Possible contributors: F. David Carmona &amp; Miguel Ángel Gónzalez-Gay) -- 8 Takayasu’s Arteritis (Possible contributors: Amr H. Sawalha) -- 9 Kawasaki’s Disease (Possible contributors: David Burgner) -- III Gastrointestinal and Liver/hepatic Autoimmune Conditions -- 10 Primary Biliary Cirrhosis, Sclerosing Cholangitis, and Autoimmune Hepatitis (Possible contributors: G.J. Webb &amp; G.M. Hirschfield) -- IV Central and Peripheral Nervous System -- 11 Multiple Sclerosis (Possible contributors: Antonio Alcina &amp; Fuencisla Matesanz) -- 12 Myastenia Gravis (Possible contributors: Güher Saruhan Direskeneli) -- V Shared Gentetic Component -- 13 Common Genetic Component in Autoimmunity (Possible contributors: Alexandra Sasha) -- Subject Index.</subfield>
          </datafield>
          <datafield tag="520" ind1=" " ind2=" ">
            <subfield code="a">The main aim of this volume is to provide an updated overview of the genetic basis of a group of complex disorders that are considered rare individually, but show a relatively high prevalence on the whole in developed countries: the rare autoimmune diseases. These are chronic disorders that involve long and expensive treatments with considerable side effects that may dramatically reduce the quality of life of affected people. Therefore, shedding light into their pathologic mechanisms is a major concern given their growing social and economic awareness and impact. General sections include different chapters on single entities as systemic lupus and sclerosis, Behçet’s disease, Sjogren’s syndrome and polymiositis, and sections devoted to autoimmune vasculitis, hepatic autoimmune conditions, as well as those affecting the nervous system, and a concluding chapter in which the shared predisposition amongst all diseases is discussed. All the chapters are given a homogeneous scheme in which the authors explain the clinical singularities of every disease and report the recent breakthrough discoveries related to them, giving a critical interpretation and suggesting future perspectives. All contributors are renowned researchers with high expertise in each disease. Due to the exponential increase in our understanding of the genetic causes of these complex diseases, a major advance in biomedical discovery is taking place. However, most of the achievements in this field are very recent and there is a lack of bibliography gathering them together. This book is thus filling a gap and will prove a useful companion to clinicians in the first place (internists, rheumatologists, clinical immunologists, and hematologists) but also to basic and applied researchers.</subfield>
          </datafield>
          <datafield tag="650" ind1=" " ind2="0">
            <subfield code="a">Rheumatology.</subfield>
          </datafield>
          <datafield tag="650" ind1=" " ind2="0">
            <subfield code="a">Immunology.</subfield>
          </datafield>
          <datafield tag="650" ind1=" " ind2="0">
            <subfield code="a">Clinical medicine.</subfield>
          </datafield>
          <datafield tag="650" ind1=" " ind2="0">
            <subfield code="a">Human genetics.</subfield>
          </datafield>
          <datafield tag="650" ind1="1" ind2="4">
            <subfield code="a">Rheumatology.</subfield>
            <subfield code="0">http://scigraph.springernature.com/things/product-market-codes/H33170</subfield>
          </datafield>
          <datafield tag="650" ind1="2" ind2="4">
            <subfield code="a">Immunology.</subfield>
            <subfield code="0">http://scigraph.springernature.com/things/product-market-codes/B14000</subfield>
          </datafield>
          <datafield tag="650" ind1="2" ind2="4">
            <subfield code="a">Hepatology.</subfield>
            <subfield code="0">http://scigraph.springernature.com/things/product-market-codes/H33088</subfield>
          </datafield>
          <datafield tag="650" ind1="2" ind2="4">
            <subfield code="a">Human Genetics.</subfield>
            <subfield code="0">http://scigraph.springernature.com/things/product-market-codes/B12008</subfield>
          </datafield>
          <datafield tag="776" ind1=" " ind2=" ">
            <subfield code="z">3-030-03933-1</subfield>
          </datafield>
          <datafield tag="700" ind1="1" ind2=" ">
            <subfield code="a">Martín, Javier.</subfield>
            <subfield code="e">editor.</subfield>
            <subfield code="4">edt</subfield>
            <subfield code="4">http://id.loc.gov/vocabulary/relators/edt</subfield>
          </datafield>
          <datafield tag="700" ind1="1" ind2=" ">
            <subfield code="a">Carmona, Francisco David.</subfield>
            <subfield code="e">editor.</subfield>
            <subfield code="4">edt</subfield>
            <subfield code="4">http://id.loc.gov/vocabulary/relators/edt</subfield>
          </datafield>
          <datafield tag="830" ind1=" " ind2="0">
            <subfield code="a">Rare Diseases of the Immune System,</subfield>
            <subfield code="x">2282-6505</subfield>
          </datafield>
          <datafield tag="906" ind1=" " ind2=" ">
            <subfield code="a">BOOK</subfield>
          </datafield>
          <datafield tag="ADM" ind1=" " ind2=" ">
            <subfield code="b">2019-10-24 22:39:33</subfield>
            <subfield code="e">(CKB)4100000008339436</subfield>
            <subfield code="d">CKB</subfield>
            <subfield code="a">2019-06-08 20:26:08</subfield>
            <subfield code="c">false</subfield>
          </datafield>
          <datafield tag="PRT" ind1=" " ind2=" ">
            <subfield code="i">61446976200003811</subfield>
            <subfield code="updated">2019-06-17 13:04:07</subfield>
            <subfield code="e">Springer Link</subfield>
            <subfield code="c">Springer Medicine eBooks 2019 English/International</subfield>
            <subfield code="created">2019-06-17 13:04:07</subfield>
            <subfield code="j">62446976190003811</subfield>
            <subfield code="a">53469032520003811</subfield>
            <subfield code="b">https://sandbox01-na.alma.exlibrisgroup.com/view/uresolver/01TULI_INST/openurl?u.ignore_date_coverage=true&amp;rft.mms_id=991037067355403811</subfield>
            <subfield code="9">Available</subfield>
            <subfield code="h">614900000000000978</subfield>
            <subfield code="8">53469032520003811</subfield>
          </datafield>
        </record>
      </metadata>
    </record>