
    <record>
      <header>
        <identifier>oai:alma.01TULI_INST:991037067357903811</identifier>
        <datestamp>2021-01-05T21:52:13Z</datestamp>
        <setSpec>blacklight</setSpec>
      </header>
      <metadata>
        <record xmlns="http://www.loc.gov/MARC21/slim" xmlns:xsi="http://www.w3.org/2001/XMLSchema-instance" xsi:schemaLocation="http://www.loc.gov/MARC21/slim http://www.loc.gov/standards/marcxml/schema/MARC21slim.xsd">
          <leader>06786nam a22006255i 4500</leader>
          <controlfield tag="001">991037067357903811</controlfield>
          <controlfield tag="005">20190617194211.0</controlfield>
          <controlfield tag="006">m     o  d |      </controlfield>
          <controlfield tag="007">cr cnu||||||||</controlfield>
          <controlfield tag="008">190522s2019    gw |    o    |||| 0|eng d</controlfield>
          <datafield tag="020" ind1=" " ind2=" ">
            <subfield code="a">3-319-92735-3</subfield>
          </datafield>
          <datafield tag="024" ind1="7" ind2=" ">
            <subfield code="a">10.1007/978-3-319-92735-0</subfield>
            <subfield code="2">doi</subfield>
          </datafield>
          <datafield tag="035" ind1=" " ind2=" ">
            <subfield code="a">(CKB)4100000008280557</subfield>
          </datafield>
          <datafield tag="035" ind1=" " ind2=" ">
            <subfield code="a">(MiAaPQ)EBC5780045</subfield>
          </datafield>
          <datafield tag="035" ind1=" " ind2=" ">
            <subfield code="a">(DE-He213)978-3-319-92735-0</subfield>
          </datafield>
          <datafield tag="035" ind1=" " ind2=" ">
            <subfield code="a">(EXLCZ)994100000008280557</subfield>
          </datafield>
          <datafield tag="050" ind1=" " ind2="4">
            <subfield code="a">QH541.5.W3</subfield>
          </datafield>
          <datafield tag="050" ind1=" " ind2="4">
            <subfield code="a">QH541.5.F7</subfield>
          </datafield>
          <datafield tag="050" ind1=" " ind2="4">
            <subfield code="a">QH541.5.S3</subfield>
          </datafield>
          <datafield tag="072" ind1=" " ind2="7">
            <subfield code="a">PSAF</subfield>
            <subfield code="2">bicssc</subfield>
          </datafield>
          <datafield tag="072" ind1=" " ind2="7">
            <subfield code="a">SCI020000</subfield>
            <subfield code="2">bisacsh</subfield>
          </datafield>
          <datafield tag="072" ind1=" " ind2="7">
            <subfield code="a">PSAF</subfield>
            <subfield code="2">thema</subfield>
          </datafield>
          <datafield tag="072" ind1=" " ind2="7">
            <subfield code="a">PSP</subfield>
            <subfield code="2">thema</subfield>
          </datafield>
          <datafield tag="082" ind1="0" ind2=" ">
            <subfield code="a">551.424</subfield>
            <subfield code="2">23</subfield>
          </datafield>
          <datafield tag="245" ind1="1" ind2="0">
            <subfield code="a">Mesophotic Coral Ecosystems</subfield>
            <subfield code="h">[electronic resource] /</subfield>
            <subfield code="c">edited by Yossi Loya, Kimberly A. Puglise, Tom C.L. Bridge.</subfield>
          </datafield>
          <datafield tag="250" ind1=" " ind2=" ">
            <subfield code="a">1st ed. 2019.</subfield>
          </datafield>
          <datafield tag="264" ind1=" " ind2="1">
            <subfield code="a">Cham :</subfield>
            <subfield code="b">Springer International Publishing :</subfield>
            <subfield code="b">Imprint: Springer,</subfield>
            <subfield code="c">2019.</subfield>
          </datafield>
          <datafield tag="300" ind1=" " ind2=" ">
            <subfield code="a">1 online resource (983 pages)</subfield>
          </datafield>
          <datafield tag="336" ind1=" " ind2=" ">
            <subfield code="a">text</subfield>
            <subfield code="b">txt</subfield>
            <subfield code="2">rdacontent</subfield>
          </datafield>
          <datafield tag="337" ind1=" " ind2=" ">
            <subfield code="a">computer</subfield>
            <subfield code="b">c</subfield>
            <subfield code="2">rdamedia</subfield>
          </datafield>
          <datafield tag="338" ind1=" " ind2=" ">
            <subfield code="a">online resource</subfield>
            <subfield code="b">cr</subfield>
            <subfield code="2">rdacarrier</subfield>
          </datafield>
          <datafield tag="490" ind1="1" ind2=" ">
            <subfield code="a">Coral Reefs of the World,</subfield>
            <subfield code="x">2213-719X ;</subfield>
            <subfield code="v">12</subfield>
          </datafield>
          <datafield tag="504" ind1=" " ind2=" ">
            <subfield code="a">Includes bibliographical references.</subfield>
          </datafield>
          <datafield tag="505" ind1="0" ind2=" ">
            <subfield code="a">Part I: Introduction -- 1. Mesophotic coral ecosystems: Introduction and Overview -- Part II: Regional Variation in Mesophotic Corarl Ecosystems -- 2. Bermuda -- 3. The Bahamas and Cayman Islands -- 4. Pulley Ridge, Gulf of Mexico, U.S.A. -- 5. The Mesoamerican Reef -- 6. Discovery Bay, Jamaica -- 7. Puerto Rico -- 8. The United States Virgin Islands -- 9. Bonaire and Curaçao -- 10. Brazil -- 11. The Red Sea -- 12. The Chagos Archipelago -- 13. Ryukyus Islands, Japan -- 14. Taiwan -- 15. The Philippines -- 16. Palau -- 17. Pohnpei, Federated States of Micronesia -- 18. Papua New Guinea -- 19. North West Australia -- 20. The Great Barrier Reef and Coral Sea -- 21. Fiji. -22. American Samoa. -23. Cook Islands -- 24. French Polynesia -- 25. The Hawaiian Archipelago -- 26. Isla del Coco, Costa Rica, Eastern Tropical Pacific -- 27. Chile and Salas y Gómez Ridge -- Part III: Environments, Biodiversity, and Ecology of Mesophotic Coral Ecosystems. - 28. The mesophotic coral microbial biosphere -- 29. Macroalgae -- 30. Symbiodinium genetic diversity and symbiosis with hosts from shallow to mesophotic coral ecosystems -- 31. Large benthic foraminifera in low-light environments -- 32. Sponges -- 33. Biodiversity of reef‐building, scleractinian corals -- 34. Reef‐building corals of the upper mesophotic zone of the central Indo‐west -- Pacific -- 35. Sexual reproduction of scleractinian corals in mesophotic coral ecosystems vs. shallow reefs. -36. Coral sclerochronology: similarities and differences in the coral isotopic signatures between mesophotic and shallow reefs -- 37. Antipatharians of the mesophotic zone: four case studies -- 38. Octocorals of the Indo‐Pacific -- 39. Gorgonian corals -- 40. Fishes: Biodiversity -- 41. Disease problems -- 42. Light, temperature, photosynthesis, heterotrophy, and the lower depth -- limits of mesophotic coral ecosystems -- 43. Bioerosion -- 44. Geology and geomorphology -- Part IV: Are Shallow and Mesophotic Coral Ecosystems Connected? -- 45. Beyond the ‘deep reef refuge’ hypothesis: a conceptual framework to characterize persistence at depth -- 46. Coral ecosystem connectivity between Pulley Ridge and the Florida Keys -- Part V: Conservation, Management, and Threats to Mesophotic Coral Ecosystems -- 47. Disturbance in mesophotic coral ecosystems nd linkages to conservation and management -- 48. Invasive lionfish (Pterois volitans and P. miles ): distribution, impact, and Management -- 49. Ecosystem Services of mesophotic coral reefs and a call for better accounting -- Part VI: Mesophotic Coral Ecosystems Research: Technologies and Future Directions -- 50. Advanced Technical Diving -- 51. Underwater robotic technology for imaging mesophotic coral ecosystems -- 52. Key questions for research and conservation of mesophotic coral ecosystems and temperate mesophotic ecosystems.</subfield>
          </datafield>
          <datafield tag="520" ind1=" " ind2=" ">
            <subfield code="a">This book summarizes what is known about mesophotic coral ecosystems (MCEs) geographically and by major taxa. MCEs are characterized by light-dependent corals and associated communities typically found at depths ranging from 30-40 m and extending to over 150 m in tropical and subtropical ecosystems. They are populated with organisms typically associated with shallow coral reefs, such as macroalgae, corals, sponges, and fishes, as well as specialist species unique to mesophotic depths. During the past decade, there has been an increasing scientific and management interest in MCEs expressed by the exponential increase in the number of publications studying this unique environment. Despite their close proximity to well-studied shallow reefs, and the growing evidence of their importance, our scientific knowledge of MCEs is still in its early stages. The topics covered in the book include: regional variation in MCEs; similarities and differences between mesophotic and shallow reef taxa, biotic and abiotic conditions, biodiversity, ecology, geomorphology, and geology; potential connectivity between MCEs and shallow reefs; MCE disturbances, conservation, and management challenges; and new technologies, key research questions/knowledge gaps, priorities, and future directions in MCE research.</subfield>
          </datafield>
          <datafield tag="650" ind1=" " ind2="0">
            <subfield code="a">Aquatic biology.</subfield>
          </datafield>
          <datafield tag="650" ind1=" " ind2="0">
            <subfield code="a">Marine Sciences.</subfield>
          </datafield>
          <datafield tag="650" ind1=" " ind2="0">
            <subfield code="a">Climatic changes.</subfield>
          </datafield>
          <datafield tag="650" ind1=" " ind2="0">
            <subfield code="a">Conservation biology.</subfield>
          </datafield>
          <datafield tag="650" ind1=" " ind2="0">
            <subfield code="a">Biodiversity.</subfield>
          </datafield>
          <datafield tag="650" ind1=" " ind2="0">
            <subfield code="a">Oceanography.</subfield>
          </datafield>
          <datafield tag="650" ind1="1" ind2="4">
            <subfield code="a">Freshwater &amp; Marine Ecology.</subfield>
            <subfield code="0">http://scigraph.springernature.com/things/product-market-codes/L19066</subfield>
          </datafield>
          <datafield tag="650" ind1="2" ind2="4">
            <subfield code="a">Marine &amp; Freshwater Sciences.</subfield>
            <subfield code="0">http://scigraph.springernature.com/things/product-market-codes/U36000</subfield>
          </datafield>
          <datafield tag="650" ind1="2" ind2="4">
            <subfield code="a">Climate Change.</subfield>
            <subfield code="0">http://scigraph.springernature.com/things/product-market-codes/U12007</subfield>
          </datafield>
          <datafield tag="650" ind1="2" ind2="4">
            <subfield code="a">Conservation Biology/Ecology.</subfield>
            <subfield code="0">http://scigraph.springernature.com/things/product-market-codes/L19150</subfield>
          </datafield>
          <datafield tag="650" ind1="2" ind2="4">
            <subfield code="a">Biodiversity.</subfield>
            <subfield code="0">http://scigraph.springernature.com/things/product-market-codes/L19031</subfield>
          </datafield>
          <datafield tag="650" ind1="2" ind2="4">
            <subfield code="a">Oceanography.</subfield>
            <subfield code="0">http://scigraph.springernature.com/things/product-market-codes/G25005</subfield>
          </datafield>
          <datafield tag="776" ind1=" " ind2=" ">
            <subfield code="z">3-319-92734-5</subfield>
          </datafield>
          <datafield tag="700" ind1="1" ind2=" ">
            <subfield code="a">Loya, Yossi.</subfield>
            <subfield code="e">editor.</subfield>
            <subfield code="4">edt</subfield>
            <subfield code="4">http://id.loc.gov/vocabulary/relators/edt</subfield>
          </datafield>
          <datafield tag="700" ind1="1" ind2=" ">
            <subfield code="a">Puglise, Kimberly A.</subfield>
            <subfield code="e">editor.</subfield>
            <subfield code="4">edt</subfield>
            <subfield code="4">http://id.loc.gov/vocabulary/relators/edt</subfield>
          </datafield>
          <datafield tag="700" ind1="1" ind2=" ">
            <subfield code="a">Bridge, Tom C.L.</subfield>
            <subfield code="e">editor.</subfield>
            <subfield code="4">edt</subfield>
            <subfield code="4">http://id.loc.gov/vocabulary/relators/edt</subfield>
          </datafield>
          <datafield tag="830" ind1=" " ind2="0">
            <subfield code="a">Coral Reefs of the World,</subfield>
            <subfield code="x">2213-719X ;</subfield>
            <subfield code="v">12</subfield>
          </datafield>
          <datafield tag="906" ind1=" " ind2=" ">
            <subfield code="a">BOOK</subfield>
          </datafield>
          <datafield tag="ADM" ind1=" " ind2=" ">
            <subfield code="b">2019-10-24 08:06:43</subfield>
            <subfield code="e">(CKB)4100000008280557</subfield>
            <subfield code="d">CKB</subfield>
            <subfield code="a">2019-06-08 20:26:08</subfield>
            <subfield code="c">false</subfield>
          </datafield>
          <datafield tag="PRT" ind1=" " ind2=" ">
            <subfield code="i">61446997140003811</subfield>
            <subfield code="updated">2019-06-17 13:03:56</subfield>
            <subfield code="e">Springer Link</subfield>
            <subfield code="c">Springer Earth and Environmental Science eBooks 2019 English/International</subfield>
            <subfield code="created">2019-06-17 13:03:56</subfield>
            <subfield code="j">62446997130003811</subfield>
            <subfield code="a">53469033290003811</subfield>
            <subfield code="b">https://sandbox01-na.alma.exlibrisgroup.com/view/uresolver/01TULI_INST/openurl?u.ignore_date_coverage=true&amp;rft.mms_id=991037067357903811</subfield>
            <subfield code="9">Available</subfield>
            <subfield code="h">614900000000000969</subfield>
            <subfield code="8">53469033290003811</subfield>
          </datafield>
        </record>
      </metadata>
    </record>