
    <record>
      <header>
        <identifier>oai:alma.01TULI_INST:991037067360003811</identifier>
        <datestamp>2021-01-05T21:52:16Z</datestamp>
        <setSpec>blacklight</setSpec>
      </header>
      <metadata>
        <record xmlns="http://www.loc.gov/MARC21/slim" xmlns:xsi="http://www.w3.org/2001/XMLSchema-instance" xsi:schemaLocation="http://www.loc.gov/MARC21/slim http://www.loc.gov/standards/marcxml/schema/MARC21slim.xsd">
          <leader>05528nam a22004335i 4500</leader>
          <controlfield tag="001">991037067360003811</controlfield>
          <controlfield tag="005">20190516170310.0</controlfield>
          <controlfield tag="006">m     o  d |      </controlfield>
          <controlfield tag="007">cr cnu||||||||</controlfield>
          <controlfield tag="008">190516s2019    gw |    o    |||| 0|eng d</controlfield>
          <datafield tag="020" ind1=" " ind2=" ">
            <subfield code="a">3-030-02023-1</subfield>
          </datafield>
          <datafield tag="024" ind1="7" ind2=" ">
            <subfield code="a">10.1007/978-3-030-02023-1</subfield>
            <subfield code="2">doi</subfield>
          </datafield>
          <datafield tag="035" ind1=" " ind2=" ">
            <subfield code="a">(CKB)4100000008217406</subfield>
          </datafield>
          <datafield tag="035" ind1=" " ind2=" ">
            <subfield code="a">(MiAaPQ)EBC5776079</subfield>
          </datafield>
          <datafield tag="035" ind1=" " ind2=" ">
            <subfield code="a">(DE-He213)978-3-030-02023-1</subfield>
          </datafield>
          <datafield tag="035" ind1=" " ind2=" ">
            <subfield code="a">(EXLCZ)994100000008217406</subfield>
          </datafield>
          <datafield tag="050" ind1=" " ind2="4">
            <subfield code="a">RL1-803</subfield>
          </datafield>
          <datafield tag="072" ind1=" " ind2="7">
            <subfield code="a">MJK</subfield>
            <subfield code="2">bicssc</subfield>
          </datafield>
          <datafield tag="072" ind1=" " ind2="7">
            <subfield code="a">MED017000</subfield>
            <subfield code="2">bisacsh</subfield>
          </datafield>
          <datafield tag="072" ind1=" " ind2="7">
            <subfield code="a">MJK</subfield>
            <subfield code="2">thema</subfield>
          </datafield>
          <datafield tag="082" ind1="0" ind2=" ">
            <subfield code="a">616.50014</subfield>
            <subfield code="2">23</subfield>
          </datafield>
          <datafield tag="245" ind1="1" ind2="0">
            <subfield code="a">Evidence-Based Procedural Dermatology</subfield>
            <subfield code="h">[electronic resource] /</subfield>
            <subfield code="c">edited by Murad Alam.</subfield>
          </datafield>
          <datafield tag="250" ind1=" " ind2=" ">
            <subfield code="a">2nd ed. 2019.</subfield>
          </datafield>
          <datafield tag="264" ind1=" " ind2="1">
            <subfield code="a">Cham :</subfield>
            <subfield code="b">Springer International Publishing :</subfield>
            <subfield code="b">Imprint: Springer,</subfield>
            <subfield code="c">2019.</subfield>
          </datafield>
          <datafield tag="300" ind1=" " ind2=" ">
            <subfield code="a">1 online resource (1,266 pages)</subfield>
          </datafield>
          <datafield tag="336" ind1=" " ind2=" ">
            <subfield code="a">text</subfield>
            <subfield code="b">txt</subfield>
            <subfield code="2">rdacontent</subfield>
          </datafield>
          <datafield tag="337" ind1=" " ind2=" ">
            <subfield code="a">computer</subfield>
            <subfield code="b">c</subfield>
            <subfield code="2">rdamedia</subfield>
          </datafield>
          <datafield tag="338" ind1=" " ind2=" ">
            <subfield code="a">online resource</subfield>
            <subfield code="b">cr</subfield>
            <subfield code="2">rdacarrier</subfield>
          </datafield>
          <datafield tag="505" ind1="0" ind2=" ">
            <subfield code="a">1. Designing Randomized Clinical Trials in Dermatologic Surgery -- 2. Outcomes Assessment in Dermatologic Surgery -- 3. Level of Evidence and Strength of Recommendation -- 4. Mohs Surgery -- 5. Advancement Flaps -- 6. Transposition Flaps -- 7. Rotation Flap -- 8. Pedicle Flaps -- 9. Forehead Flaps -- 10. Cartilage Transfers -- 11. Skin Grafts -- 12. Linear Repairs -- 13. Sutures, adhesives, staples, and other closure technologies -- 14. Non-invasive Fat Reduction -- 15. Non-Invasive Skin Tightening -- 16. Vascular Laser and Light Treatments -- 17. Pigment Lasers and Light Treatments -- 18. Nonablative Fractional Energy Treatments -- 19. Medium to Deep Chemical Peels -- 20. Superficial Chemical Peels and Microdermabrasion -- 21. Dermabrasion -- 22. Subcision (including energy and device-mediated) -- 23. Liposuction -- 24. Hair Transplant -- 25. Small Caliber Vessel Sclerotherapy -- 26. Endovenous Laser and Radiofrequency Treatments -- 27. BLEPHAROPLASTY -- 28. Rhytidectomy -- 29. Genital Rejuvenation -- 30. Cosmeceuticals -- 31. Repairs of the Ear -- 32. Repairs of the Nose -- 33. Topical Anesthesia -- 34. Local and Regional Infiltrated Anesthesia (Excluding Topical Anesthesia) -- 35. Nail Procedures -- 36. Superficial/Soft Radiation Therapy for Nonmelanoma Skin Cancer -- 37. Fat Transplantation -- 38. Soft Tissue Augmentation (Temporary Injectable Fillers) of the Upper Face (cheeks, brow, forehead, ear) -- 39. Soft Tissue Augmentation (Temporary Injectible Fillers) of the Lower Face and Neck (Lips, Periorial, Nose, Neck) -- 40. Soft Tissue Augmentation (Temporary Injectable Fillers) on the Trunk and Extremities (hands, feet, trunk) -- 41. Treatment of Precancers with Topical Agents -- 42. Basal Cell Carcinoma -- 43. Cutaneous Squamous Cell Carcinoma -- 44. Melanoma in situ -- 45. Merkel Cell Carcinoma -- 46. Dermatofibrosarcoma Protuberans -- 47. Evidence Based Procedural Dermatology: Surgical Scars -- 48. Post Acne Scarring -- 49. Evidence-Based Procedural Dermatology: Traumatic and Burn Scars -- 50. Excess Subcutaneous Fat -- 51. Skin Laxity -- 52. Lentigines and Dyschromia -- 53. Melasma -- 54. Postinflammatory Hyperpigmentation -- 55. Vitiligo -- 56. Morphea and Scleroderma -- 57. Port Wine Birthmark and Hemangioma -- 58. Rosacea -- 59. Androgenetic Alopecia -- 60. Cutaneous carcinogenesis in organ transplant recipients -- 61. Leg Veins -- 62. Invasive Melanoma -- 63. Prevention and Treatment of Procedure-Associated Infection -- 64. Prevention and Treatment of Bleeding Complications in Dermatologic Surgery -- 65. Prevention and treatment of perioperative pain and anxiety -- 66. Prevention of undesirable outcomes -- 67. Prevention and management of patient dissatisfaction after primary cosmetic procedures.</subfield>
          </datafield>
          <datafield tag="520" ind1=" " ind2=" ">
            <subfield code="a">This book compiles the best evidence in procedural dermatology, including skin cancer surgery, laser techniques, minimally invasive cosmetic surgery, and emerging techniques. Building on the highly successful first edition, this volume provides much expanded coverage of a range of topics. The best information is provided to reveal the most appropriate interventions for particular indications, optimal treatment techniques, and strategies for avoiding adverse events. Evidence-Based Procedural Dermatology, 2nd edition, includes two types of chapters: procedures and indications. Each chapter is designed to be clear and concise, with tables and flowcharts to showcase main findings. Each cited study is tagged with a level of evidence, and every recommendation includes a strength of evidence score. More than double the length of the first edition, this newest edition includes added procedures and interventions like: new lasers and energy devices for skin resurfacing and pigmentation; non-invasive fat reduction and skin tightening using cryolipolysis, radiofrequency, ultrasound, and chemical adipocytolysis; specific post-skin cancer excision reconstruction techniques; and novel approaches for melanoma.</subfield>
          </datafield>
          <datafield tag="650" ind1=" " ind2="0">
            <subfield code="a">Dermatology.</subfield>
          </datafield>
          <datafield tag="650" ind1=" " ind2="0">
            <subfield code="a">Surgery.</subfield>
          </datafield>
          <datafield tag="650" ind1="1" ind2="4">
            <subfield code="a">Dermatology.</subfield>
            <subfield code="0">http://scigraph.springernature.com/things/product-market-codes/H1900X</subfield>
          </datafield>
          <datafield tag="650" ind1="2" ind2="4">
            <subfield code="a">Plastic Surgery.</subfield>
            <subfield code="0">http://scigraph.springernature.com/things/product-market-codes/H59087</subfield>
          </datafield>
          <datafield tag="776" ind1=" " ind2=" ">
            <subfield code="z">3-030-02022-3</subfield>
          </datafield>
          <datafield tag="700" ind1="1" ind2=" ">
            <subfield code="a">Alam, Murad.</subfield>
            <subfield code="e">editor.</subfield>
            <subfield code="4">edt</subfield>
            <subfield code="4">http://id.loc.gov/vocabulary/relators/edt</subfield>
          </datafield>
          <datafield tag="906" ind1=" " ind2=" ">
            <subfield code="a">BOOK</subfield>
          </datafield>
          <datafield tag="ADM" ind1=" " ind2=" ">
            <subfield code="b">2019-10-24 22:49:56</subfield>
            <subfield code="e">(CKB)4100000008217406</subfield>
            <subfield code="d">CKB</subfield>
            <subfield code="a">2019-06-01 20:10:50</subfield>
            <subfield code="c">false</subfield>
          </datafield>
          <datafield tag="PRT" ind1=" " ind2=" ">
            <subfield code="i">61446976200003811</subfield>
            <subfield code="updated">2019-06-17 13:03:48</subfield>
            <subfield code="e">Springer Link</subfield>
            <subfield code="c">Springer Medicine eBooks 2019 English/International</subfield>
            <subfield code="created">2019-06-17 13:03:48</subfield>
            <subfield code="j">62446976190003811</subfield>
            <subfield code="a">53469033920003811</subfield>
            <subfield code="b">https://sandbox01-na.alma.exlibrisgroup.com/view/uresolver/01TULI_INST/openurl?u.ignore_date_coverage=true&amp;rft.mms_id=991037067360003811</subfield>
            <subfield code="9">Available</subfield>
            <subfield code="h">614900000000000978</subfield>
            <subfield code="8">53469033920003811</subfield>
          </datafield>
        </record>
      </metadata>
    </record>