
    <record>
      <header>
        <identifier>oai:alma.01TULI_INST:991037070639603811</identifier>
        <datestamp>2021-01-05T21:53:14Z</datestamp>
        <setSpec>blacklight</setSpec>
      </header>
      <metadata>
        <record xmlns="http://www.loc.gov/MARC21/slim" xmlns:xsi="http://www.w3.org/2001/XMLSchema-instance" xsi:schemaLocation="http://www.loc.gov/MARC21/slim http://www.loc.gov/standards/marcxml/schema/MARC21slim.xsd">
          <leader>02375cam-a2200193z--4500</leader>
          <controlfield tag="001">991037070639603811</controlfield>
          <controlfield tag="005">20180807132335.0</controlfield>
          <controlfield tag="008">160530u2008uuuuuuuuu-|-o----u|----|heb-d</controlfield>
          <datafield tag="020" ind1=" " ind2=" ">
            <subfield code="a">965-7763-93-2</subfield>
          </datafield>
          <datafield tag="035" ind1=" " ind2=" ">
            <subfield code="a">(CKB)2660000000009751</subfield>
          </datafield>
          <datafield tag="035" ind1=" " ind2=" ">
            <subfield code="a">(EXLCZ)992660000000009751</subfield>
          </datafield>
          <datafield tag="100" ind1="1" ind2=" ">
            <subfield code="a">Reichel, Nirit</subfield>
          </datafield>
          <datafield tag="245" ind1="1" ind2="0">
            <subfield code="a">סיפורה של מערכת החינוך הישראלית: בין ריכוזיות לביזור; בין מוצהר לנסתר; בין חיקוי לייחוד</subfield>
          </datafield>
          <datafield tag="260" ind1=" " ind2=" ">
            <subfield code="a">תל אביב</subfield>
            <subfield code="b">הוצאת מאגנס</subfield>
          </datafield>
          <datafield tag="710" ind1="2" ind2=" ">
            <subfield code="a">Mekhon M.O.F.E.T.-Mehqar Ufittuah Tokhniyyot Behakhsharat Ovede Horaa</subfield>
          </datafield>
          <datafield tag="776" ind1=" " ind2=" ">
            <subfield code="z">965-7182-91-3</subfield>
          </datafield>
          <datafield tag="880" ind1=" " ind2=" ">
            <subfield code="a">The Story of the Israeli Education System</subfield>
          </datafield>
          <datafield tag="906" ind1=" " ind2=" ">
            <subfield code="a">BOOK</subfield>
          </datafield>
          <datafield tag="ADM" ind1=" " ind2=" ">
            <subfield code="b">2021-01-05 16:32:52</subfield>
            <subfield code="e">2660000000009751</subfield>
            <subfield code="d">CKB</subfield>
            <subfield code="a">2012-04-15 07:22:08</subfield>
            <subfield code="c">false</subfield>
          </datafield>
          <datafield tag="PRT" ind1=" " ind2=" ">
            <subfield code="i">61391921830003811</subfield>
            <subfield code="updated">2019-07-01 09:40:35</subfield>
            <subfield code="e">EBSCOhost</subfield>
            <subfield code="c">EBSCOhost Academic eBook Collection (North America)</subfield>
            <subfield code="created">2019-07-01 09:40:35</subfield>
            <subfield code="j">62391921820003811</subfield>
            <subfield code="a">53470030330003811</subfield>
            <subfield code="b">https://sandbox01-na.alma.exlibrisgroup.com/view/uresolver/01TULI_INST/openurl?u.ignore_date_coverage=true&amp;rft.mms_id=991037070639603811</subfield>
            <subfield code="9">Available</subfield>
            <subfield code="h">613640000000000029</subfield>
            <subfield code="8">53470030330003811</subfield>
          </datafield>
        </record>
      </metadata>
    </record>