
    <record>
      <header>
        <identifier>oai:alma.01TULI_INST:991037070654103811</identifier>
        <datestamp>2021-01-06T09:57:01Z</datestamp>
        <setSpec>blacklight</setSpec>
      </header>
      <metadata>
        <record xmlns="http://www.loc.gov/MARC21/slim" xmlns:xsi="http://www.w3.org/2001/XMLSchema-instance" xsi:schemaLocation="http://www.loc.gov/MARC21/slim http://www.loc.gov/standards/marcxml/schema/MARC21slim.xsd">
          <leader>01254cam-a2200193z--4500</leader>
          <controlfield tag="001">991037070654103811</controlfield>
          <controlfield tag="005">20200130132418.0</controlfield>
          <controlfield tag="008">160530u2012uuuuuuuuu-|-o----u|----|heb-d</controlfield>
          <datafield tag="035" ind1=" " ind2=" ">
            <subfield code="a">(CKB)3640000000034622</subfield>
          </datafield>
          <datafield tag="035" ind1=" " ind2=" ">
            <subfield code="a">(EXLCZ)993640000000034622</subfield>
          </datafield>
          <datafield tag="100" ind1="1" ind2=" ">
            <subfield code="a">Motzafi-Haller, Pnina</subfield>
          </datafield>
          <datafield tag="245" ind1="1" ind2="0">
            <subfield code="a">בקופסאות הבטון: נשים מזרחיות בפריפריה הישראלית</subfield>
          </datafield>
          <datafield tag="260" ind1=" " ind2=" ">
            <subfield code="a">ירושלים</subfield>
            <subfield code="b">הוצאת מאגנס</subfield>
          </datafield>
          <datafield tag="700" ind1="1" ind2=" ">
            <subfield code="a">Stadler, Nurit</subfield>
          </datafield>
          <datafield tag="776" ind1=" " ind2=" ">
            <subfield code="z">965-493-650-X</subfield>
          </datafield>
          <datafield tag="776" ind1=" " ind2=" ">
            <subfield code="z">965-493-651-8</subfield>
          </datafield>
          <datafield tag="906" ind1=" " ind2=" ">
            <subfield code="a">BOOK</subfield>
          </datafield>
          <datafield tag="ADM" ind1=" " ind2=" ">
            <subfield code="b">2021-01-06 04:23:41</subfield>
            <subfield code="e">(CKB)3640000000034622</subfield>
            <subfield code="d">CKB</subfield>
            <subfield code="a">2014-04-05 21:31:26</subfield>
            <subfield code="c">false</subfield>
          </datafield>
          <datafield tag="PRT" ind1=" " ind2=" ">
            <subfield code="i">61391921830003811</subfield>
            <subfield code="updated">2019-07-01 09:37:28</subfield>
            <subfield code="e">EBSCOhost</subfield>
            <subfield code="c">EBSCOhost Academic eBook Collection (North America)</subfield>
            <subfield code="created">2019-07-01 09:37:28</subfield>
            <subfield code="j">62391921820003811</subfield>
            <subfield code="a">53470036480003811</subfield>
            <subfield code="b">https://sandbox01-na.alma.exlibrisgroup.com/view/uresolver/01TULI_INST/openurl?u.ignore_date_coverage=true&amp;rft.mms_id=991037070654103811</subfield>
            <subfield code="9">Available</subfield>
            <subfield code="h">613640000000000029</subfield>
            <subfield code="8">53470036480003811</subfield>
          </datafield>
        </record>
      </metadata>
    </record>