
    <record>
      <header>
        <identifier>oai:alma.01TULI_INST:991037070661703811</identifier>
        <datestamp>2021-01-05T21:53:04Z</datestamp>
        <setSpec>blacklight</setSpec>
      </header>
      <metadata>
        <record xmlns="http://www.loc.gov/MARC21/slim" xmlns:xsi="http://www.w3.org/2001/XMLSchema-instance" xsi:schemaLocation="http://www.loc.gov/MARC21/slim http://www.loc.gov/standards/marcxml/schema/MARC21slim.xsd">
          <leader>01676nam  2200505 i 4500</leader>
          <controlfield tag="001">991037070661703811</controlfield>
          <controlfield tag="005">20210104163248.0</controlfield>
          <controlfield tag="006">m     o  d |      </controlfield>
          <controlfield tag="007">cr cnu||||||||</controlfield>
          <controlfield tag="008">200110s2013    sp      ob    000 0 spa d</controlfield>
          <datafield tag="020" ind1=" " ind2=" ">
            <subfield code="a">84-9940-953-9</subfield>
          </datafield>
          <datafield tag="020" ind1=" " ind2=" ">
            <subfield code="a">1-4416-6771-7</subfield>
          </datafield>
          <datafield tag="035" ind1=" " ind2=" ">
            <subfield code="a">(CKB)2670000000041289</subfield>
          </datafield>
          <datafield tag="035" ind1=" " ind2=" ">
            <subfield code="a">(SSID)ssj0000688104</subfield>
          </datafield>
          <datafield tag="035" ind1=" " ind2=" ">
            <subfield code="a">(PQKBManifestationID)11415487</subfield>
          </datafield>
          <datafield tag="035" ind1=" " ind2=" ">
            <subfield code="a">(PQKBTitleCode)TC0000688104</subfield>
          </datafield>
          <datafield tag="035" ind1=" " ind2=" ">
            <subfield code="a">(PQKBWorkID)10761453</subfield>
          </datafield>
          <datafield tag="035" ind1=" " ind2=" ">
            <subfield code="a">(PQKB)11642982</subfield>
          </datafield>
          <datafield tag="035" ind1=" " ind2=" ">
            <subfield code="a">(MiAaPQ)EBC5885586</subfield>
          </datafield>
          <datafield tag="035" ind1=" " ind2=" ">
            <subfield code="a">(WaSeSS)Ind00032375</subfield>
          </datafield>
          <datafield tag="035" ind1=" " ind2=" ">
            <subfield code="a">(EXLCZ)992670000000041289</subfield>
          </datafield>
          <datafield tag="040" ind1=" " ind2=" ">
            <subfield code="a">FINmELB</subfield>
            <subfield code="b">spa</subfield>
            <subfield code="e">rda</subfield>
            <subfield code="c">FINmELB</subfield>
          </datafield>
          <datafield tag="041" ind1=" " ind2=" ">
            <subfield code="a">spa</subfield>
          </datafield>
          <datafield tag="050" ind1=" " ind2="4">
            <subfield code="a">JN30</subfield>
            <subfield code="b">C758 2013</subfield>
          </datafield>
          <datafield tag="080" ind1=" " ind2=" ">
            <subfield code="a">341.176(4-672 UE)</subfield>
          </datafield>
          <datafield tag="082" ind1="0" ind2=" ">
            <subfield code="a">341.2422</subfield>
            <subfield code="2">23</subfield>
          </datafield>
          <datafield tag="245" ind1="0" ind2="3">
            <subfield code="a">La construcción de Europa :</subfield>
            <subfield code="b">de las "guerras civiles" a la "unificación" /</subfield>
            <subfield code="c">Salvador Forner (ed.).</subfield>
          </datafield>
          <datafield tag="264" ind1=" " ind2="1">
            <subfield code="a">Madrid :</subfield>
            <subfield code="b">Biblioteca Nueva,</subfield>
            <subfield code="c">2013.</subfield>
          </datafield>
          <datafield tag="300" ind1=" " ind2=" ">
            <subfield code="a">1 recurso en línea (316 páginas)</subfield>
          </datafield>
          <datafield tag="336" ind1=" " ind2=" ">
            <subfield code="a">text</subfield>
            <subfield code="b">txt</subfield>
          </datafield>
          <datafield tag="337" ind1=" " ind2=" ">
            <subfield code="a">computer</subfield>
            <subfield code="b">c</subfield>
          </datafield>
          <datafield tag="338" ind1=" " ind2=" ">
            <subfield code="a">online resource</subfield>
            <subfield code="b">cr</subfield>
          </datafield>
          <datafield tag="490" ind1="1" ind2=" ">
            <subfield code="a">Colección Historia Biblioteca Nueva</subfield>
          </datafield>
          <datafield tag="500" ind1=" " ind2=" ">
            <subfield code="a">Bibliographic Level Mode of Issuance: Monograph</subfield>
          </datafield>
          <datafield tag="546" ind1=" " ind2=" ">
            <subfield code="a">Spanish</subfield>
          </datafield>
          <datafield tag="588" ind1=" " ind2=" ">
            <subfield code="a">Descripción basada en metadatos suministrados por el editor y otras fuentes.</subfield>
          </datafield>
          <datafield tag="504" ind1=" " ind2=" ">
            <subfield code="a">Contiene bibliografía.</subfield>
          </datafield>
          <datafield tag="650" ind1=" " ind2="4">
            <subfield code="a">Unión Europea.</subfield>
          </datafield>
          <datafield tag="610" ind1="2" ind2="0">
            <subfield code="a">European Union.</subfield>
          </datafield>
          <datafield tag="655" ind1=" " ind2="4">
            <subfield code="a">Libros electronicos.</subfield>
          </datafield>
          <datafield tag="710" ind1="2" ind2=" ">
            <subfield code="a">Digitalia, Inc.</subfield>
          </datafield>
          <datafield tag="776" ind1=" " ind2=" ">
            <subfield code="z">84-9742-649-5</subfield>
          </datafield>
          <datafield tag="700" ind1="1" ind2=" ">
            <subfield code="a">Forner, Salvador,</subfield>
            <subfield code="e">editor.</subfield>
          </datafield>
          <datafield tag="797" ind1="2" ind2=" ">
            <subfield code="a">elibro, Corp.</subfield>
          </datafield>
          <datafield tag="830" ind1=" " ind2="0">
            <subfield code="a">Colección Historia Biblioteca Nueva.</subfield>
          </datafield>
          <datafield tag="906" ind1=" " ind2=" ">
            <subfield code="a">BOOK</subfield>
          </datafield>
          <datafield tag="ADM" ind1=" " ind2=" ">
            <subfield code="b">2021-01-05 16:24:50</subfield>
            <subfield code="e">2670000000041289</subfield>
            <subfield code="d">DIGITALIA</subfield>
            <subfield code="a">2012-02-25 22:04:29</subfield>
            <subfield code="c">false</subfield>
          </datafield>
          <datafield tag="PRT" ind1=" " ind2=" ">
            <subfield code="i">61508713510003811</subfield>
            <subfield code="updated">2020-04-10 04:27:10</subfield>
            <subfield code="e">Ebook Central</subfield>
            <subfield code="c">Elibro via Ebook Central Premium</subfield>
            <subfield code="created">2020-04-10 04:26:14</subfield>
            <subfield code="j">62508713500003811</subfield>
            <subfield code="a">53513079570003811</subfield>
            <subfield code="b">https://sandbox01-na.alma.exlibrisgroup.com/view/uresolver/01TULI_INST/openurl?u.ignore_date_coverage=true&amp;rft.mms_id=991037070661703811</subfield>
            <subfield code="9">Available</subfield>
            <subfield code="h">613790000000001515</subfield>
            <subfield code="8">53513079570003811</subfield>
          </datafield>
          <datafield tag="PRT" ind1=" " ind2=" ">
            <subfield code="i">61391921830003811</subfield>
            <subfield code="updated">2019-07-01 09:35:03</subfield>
            <subfield code="e">EBSCOhost</subfield>
            <subfield code="c">EBSCOhost Academic eBook Collection (North America)</subfield>
            <subfield code="created">2019-07-01 09:35:03</subfield>
            <subfield code="j">62391921820003811</subfield>
            <subfield code="a">53470020400003811</subfield>
            <subfield code="b">https://sandbox01-na.alma.exlibrisgroup.com/view/uresolver/01TULI_INST/openurl?u.ignore_date_coverage=true&amp;rft.mms_id=991037070661703811</subfield>
            <subfield code="9">Available</subfield>
            <subfield code="h">613640000000000029</subfield>
            <subfield code="8">53470020400003811</subfield>
          </datafield>
        </record>
      </metadata>
    </record>