
    <record>
      <header>
        <identifier>oai:alma.01TULI_INST:991037070661603811</identifier>
        <datestamp>2021-01-05T21:52:28Z</datestamp>
        <setSpec>blacklight</setSpec>
      </header>
      <metadata>
        <record xmlns="http://www.loc.gov/MARC21/slim" xmlns:xsi="http://www.w3.org/2001/XMLSchema-instance" xsi:schemaLocation="http://www.loc.gov/MARC21/slim http://www.loc.gov/standards/marcxml/schema/MARC21slim.xsd">
          <leader>02398nam  2200481 i 4500</leader>
          <controlfield tag="001">991037070661603811</controlfield>
          <controlfield tag="005">20170919190149.0</controlfield>
          <controlfield tag="006">m     o  d |      </controlfield>
          <controlfield tag="007">cr cnu||||||||</controlfield>
          <controlfield tag="008">191211s2013    sp a    ob    000 0 spa d</controlfield>
          <datafield tag="020" ind1=" " ind2=" ">
            <subfield code="a">84-9940-669-6</subfield>
          </datafield>
          <datafield tag="020" ind1=" " ind2=" ">
            <subfield code="a">1-4416-6781-4</subfield>
          </datafield>
          <datafield tag="035" ind1=" " ind2=" ">
            <subfield code="a">(CKB)2670000000041298</subfield>
          </datafield>
          <datafield tag="035" ind1=" " ind2=" ">
            <subfield code="a">(SSID)ssj0000686642</subfield>
          </datafield>
          <datafield tag="035" ind1=" " ind2=" ">
            <subfield code="a">(PQKBManifestationID)11390513</subfield>
          </datafield>
          <datafield tag="035" ind1=" " ind2=" ">
            <subfield code="a">(PQKBTitleCode)TC0000686642</subfield>
          </datafield>
          <datafield tag="035" ind1=" " ind2=" ">
            <subfield code="a">(PQKBWorkID)10733429</subfield>
          </datafield>
          <datafield tag="035" ind1=" " ind2=" ">
            <subfield code="a">(PQKB)10253171</subfield>
          </datafield>
          <datafield tag="035" ind1=" " ind2=" ">
            <subfield code="a">(MiAaPQ)EBC5809237</subfield>
          </datafield>
          <datafield tag="035" ind1=" " ind2=" ">
            <subfield code="a">(WaSeSS)Ind00032664</subfield>
          </datafield>
          <datafield tag="035" ind1=" " ind2=" ">
            <subfield code="a">(EXLCZ)992670000000041298</subfield>
          </datafield>
          <datafield tag="040" ind1=" " ind2=" ">
            <subfield code="a">FINmELB</subfield>
            <subfield code="b">spa</subfield>
            <subfield code="e">rda</subfield>
            <subfield code="c">FINmELB</subfield>
          </datafield>
          <datafield tag="041" ind1=" " ind2=" ">
            <subfield code="a">spa</subfield>
          </datafield>
          <datafield tag="050" ind1=" " ind2="4">
            <subfield code="a">PC4087</subfield>
            <subfield code="b">.L57 2013</subfield>
          </datafield>
          <datafield tag="080" ind1=" " ind2=" ">
            <subfield code="a">811.134.2</subfield>
          </datafield>
          <datafield tag="082" ind1="0" ind2=" ">
            <subfield code="a">460</subfield>
            <subfield code="2">23</subfield>
          </datafield>
          <datafield tag="100" ind1="1" ind2=" ">
            <subfield code="a">López García, Ángel,</subfield>
            <subfield code="d">1949-</subfield>
          </datafield>
          <datafield tag="245" ind1="1" ind2="4">
            <subfield code="a">El "boom" de la lengua española :</subfield>
            <subfield code="b">análisis ideológico de un proceso expansivo /</subfield>
            <subfield code="c">Angel López García.</subfield>
          </datafield>
          <datafield tag="264" ind1=" " ind2="1">
            <subfield code="a">Madrid :</subfield>
            <subfield code="b">Biblioteca Nueva,</subfield>
            <subfield code="c">2013.</subfield>
          </datafield>
          <datafield tag="300" ind1=" " ind2=" ">
            <subfield code="a">1 recurso en línea (222 páginas) :</subfield>
            <subfield code="b">ilustraciones</subfield>
          </datafield>
          <datafield tag="336" ind1=" " ind2=" ">
            <subfield code="a">text</subfield>
            <subfield code="b">txt</subfield>
          </datafield>
          <datafield tag="337" ind1=" " ind2=" ">
            <subfield code="a">computer</subfield>
            <subfield code="b">c</subfield>
          </datafield>
          <datafield tag="338" ind1=" " ind2=" ">
            <subfield code="a">online resource</subfield>
            <subfield code="b">cr</subfield>
          </datafield>
          <datafield tag="490" ind1="1" ind2=" ">
            <subfield code="a">Colección Estudios críticos de literatura ;</subfield>
            <subfield code="v">29</subfield>
          </datafield>
          <datafield tag="500" ind1=" " ind2=" ">
            <subfield code="a">Bibliographic Level Mode of Issuance: Monograph</subfield>
          </datafield>
          <datafield tag="546" ind1=" " ind2=" ">
            <subfield code="a">Spanish</subfield>
          </datafield>
          <datafield tag="588" ind1=" " ind2=" ">
            <subfield code="a">Descripción basada en metadatos suministrados por el editor y otras fuentes.</subfield>
          </datafield>
          <datafield tag="504" ind1=" " ind2=" ">
            <subfield code="a">Incluye referencias bibliográficas (páginas 215-222).</subfield>
          </datafield>
          <datafield tag="505" ind1="0" ind2=" ">
            <subfield code="a">Prólogo para incrédulos -- El español como lengua internacional -- ¿Ideas o ideologías de la lengua española? -- La primera internacionalización : el español en España y las dificultades que conlleva su aceptación como lengua común -- Cómo se llegó a la idea de Hispanidad -- La problemática aceptación del español como lengua puente en la Unión Europea -- La prodigiosa expansión del español por la América no hispanohablante -- El futuro del español -- Del español del nuevo mundo al español en un mundo nuevo.</subfield>
          </datafield>
          <datafield tag="650" ind1=" " ind2="0">
            <subfield code="a">Spanish language</subfield>
            <subfield code="y">20th century.</subfield>
          </datafield>
          <datafield tag="650" ind1=" " ind2="0">
            <subfield code="a">Spanish language</subfield>
            <subfield code="x">Social aspects.</subfield>
          </datafield>
          <datafield tag="650" ind1=" " ind2="0">
            <subfield code="a">Spanish language</subfield>
            <subfield code="x">Political aspects.</subfield>
          </datafield>
          <datafield tag="650" ind1=" " ind2="0">
            <subfield code="a">Language spread.</subfield>
          </datafield>
          <datafield tag="650" ind1=" " ind2="0">
            <subfield code="a">Sociolinguistics.</subfield>
          </datafield>
          <datafield tag="650" ind1=" " ind2="4">
            <subfield code="a">Lengua española</subfield>
            <subfield code="y">Siglo XX.</subfield>
          </datafield>
          <datafield tag="650" ind1=" " ind2="4">
            <subfield code="a">Lengua española</subfield>
            <subfield code="x">Aspectos sociales.</subfield>
          </datafield>
          <datafield tag="650" ind1=" " ind2="4">
            <subfield code="a">Lengua española</subfield>
            <subfield code="x">Aspectos políticos.</subfield>
          </datafield>
          <datafield tag="650" ind1=" " ind2="4">
            <subfield code="a">Difusión lingüística.</subfield>
          </datafield>
          <datafield tag="650" ind1=" " ind2="4">
            <subfield code="a">Sociolingüística.</subfield>
          </datafield>
          <datafield tag="655" ind1=" " ind2="4">
            <subfield code="a">Libros electronicos.</subfield>
          </datafield>
          <datafield tag="710" ind1="2" ind2=" ">
            <subfield code="a">Digitalia, Inc.</subfield>
          </datafield>
          <datafield tag="797" ind1="2" ind2=" ">
            <subfield code="a">elibro, Corp.</subfield>
          </datafield>
          <datafield tag="776" ind1=" " ind2=" ">
            <subfield code="z">84-9742-662-2</subfield>
          </datafield>
          <datafield tag="830" ind1=" " ind2="0">
            <subfield code="a">Colección Estudios críticos de literatura ;</subfield>
            <subfield code="v">29.</subfield>
          </datafield>
          <datafield tag="906" ind1=" " ind2=" ">
            <subfield code="a">BOOK</subfield>
          </datafield>
          <datafield tag="ADM" ind1=" " ind2=" ">
            <subfield code="b">2021-01-05 16:25:19</subfield>
            <subfield code="e">2670000000041298</subfield>
            <subfield code="d">DIGITALIA</subfield>
            <subfield code="a">2012-02-25 22:04:29</subfield>
            <subfield code="c">false</subfield>
          </datafield>
          <datafield tag="PRT" ind1=" " ind2=" ">
            <subfield code="i">61462386960003811</subfield>
            <subfield code="updated">2019-07-08 14:30:37</subfield>
            <subfield code="e">EBSCOhost</subfield>
            <subfield code="c">EBSCOhost Ebook Public Library Collection - North America</subfield>
            <subfield code="created">2019-07-08 14:30:37</subfield>
            <subfield code="j">62462386950003811</subfield>
            <subfield code="a">53470252320003811</subfield>
            <subfield code="b">https://sandbox01-na.alma.exlibrisgroup.com/view/uresolver/01TULI_INST/openurl?u.ignore_date_coverage=true&amp;rft.mms_id=991037070661603811</subfield>
            <subfield code="9">Available</subfield>
            <subfield code="h">614900000000000308</subfield>
            <subfield code="8">53470252320003811</subfield>
          </datafield>
          <datafield tag="PRT" ind1=" " ind2=" ">
            <subfield code="i">61391921830003811</subfield>
            <subfield code="updated">2019-07-01 09:35:04</subfield>
            <subfield code="e">EBSCOhost</subfield>
            <subfield code="c">EBSCOhost Academic eBook Collection (North America)</subfield>
            <subfield code="created">2019-07-01 09:35:04</subfield>
            <subfield code="j">62391921820003811</subfield>
            <subfield code="a">53470020370003811</subfield>
            <subfield code="b">https://sandbox01-na.alma.exlibrisgroup.com/view/uresolver/01TULI_INST/openurl?u.ignore_date_coverage=true&amp;rft.mms_id=991037070661603811</subfield>
            <subfield code="9">Available</subfield>
            <subfield code="h">613640000000000029</subfield>
            <subfield code="8">53470020370003811</subfield>
          </datafield>
          <datafield tag="PRT" ind1=" " ind2=" ">
            <subfield code="i">61508713510003811</subfield>
            <subfield code="updated">2020-04-10 01:26:04</subfield>
            <subfield code="e">Ebook Central</subfield>
            <subfield code="c">Elibro via Ebook Central Premium</subfield>
            <subfield code="created">2020-04-10 01:25:06</subfield>
            <subfield code="j">62508713500003811</subfield>
            <subfield code="a">53510507760003811</subfield>
            <subfield code="b">https://sandbox01-na.alma.exlibrisgroup.com/view/uresolver/01TULI_INST/openurl?u.ignore_date_coverage=true&amp;rft.mms_id=991037070661603811</subfield>
            <subfield code="9">Available</subfield>
            <subfield code="h">613790000000001515</subfield>
            <subfield code="8">53510507760003811</subfield>
          </datafield>
        </record>
      </metadata>
    </record>