
    <record>
      <header>
        <identifier>oai:alma.01TULI_INST:991037067599103811</identifier>
        <datestamp>2021-01-05T21:53:40Z</datestamp>
        <setSpec>blacklight</setSpec>
        <setSpec>blacklight-bw</setSpec>
        <setSpec>reshare</setSpec>
        <setSpec>rapid_print_books</setSpec>
      </header>
      <metadata>
        <record xmlns="http://www.loc.gov/MARC21/slim" xmlns:xsi="http://www.w3.org/2001/XMLSchema-instance" xsi:schemaLocation="http://www.loc.gov/MARC21/slim http://www.loc.gov/standards/marcxml/schema/MARC21slim.xsd">
          <leader>04179cam a2200481 i 4500</leader>
          <controlfield tag="005">20190930174821.0</controlfield>
          <controlfield tag="008">180316s2018    it a     bc   000 0 ita d</controlfield>
          <controlfield tag="001">991037067599103811</controlfield>
          <datafield tag="010" ind1=" " ind2=" ">
            <subfield code="a">  2017487884</subfield>
          </datafield>
          <datafield tag="019" ind1=" " ind2=" ">
            <subfield code="a">1048315389</subfield>
          </datafield>
          <datafield tag="020" ind1=" " ind2=" ">
            <subfield code="a">9788809869424</subfield>
          </datafield>
          <datafield tag="020" ind1=" " ind2=" ">
            <subfield code="a">8809869427</subfield>
          </datafield>
          <datafield tag="035" ind1=" " ind2=" ">
            <subfield code="a">(OCoLC)1045000294</subfield>
          </datafield>
          <datafield tag="040" ind1=" " ind2=" ">
            <subfield code="a">C3L</subfield>
            <subfield code="b">eng</subfield>
            <subfield code="e">rda</subfield>
            <subfield code="c">DLC</subfield>
            <subfield code="d">FXM</subfield>
            <subfield code="d">ERASA</subfield>
            <subfield code="d">OCLCF</subfield>
            <subfield code="d">COO</subfield>
            <subfield code="d">FDA</subfield>
            <subfield code="d">C3L</subfield>
            <subfield code="d">OCLCO</subfield>
          </datafield>
          <datafield tag="042" ind1=" " ind2=" ">
            <subfield code="a">lccopycat</subfield>
          </datafield>
          <datafield tag="043" ind1=" " ind2=" ">
            <subfield code="a">e-it---</subfield>
          </datafield>
          <datafield tag="050" ind1="0" ind2="0">
            <subfield code="a">N6264.I8</subfield>
            <subfield code="b">F585 2018</subfield>
          </datafield>
          <datafield tag="082" ind1="0" ind2="4">
            <subfield code="a">069</subfield>
          </datafield>
          <datafield tag="245" ind1="0" ind2="0">
            <subfield code="a">Islam e Firenze :</subfield>
            <subfield code="b">arte e collezionismo dai Medici al Novecento /</subfield>
            <subfield code="c">a cura di Giovanni Curatola.</subfield>
          </datafield>
          <datafield tag="246" ind1="3" ind2="0">
            <subfield code="a">Arte e collezionismo dai Medici al Novecento</subfield>
          </datafield>
          <datafield tag="250" ind1=" " ind2=" ">
            <subfield code="a">Prima edizione.</subfield>
          </datafield>
          <datafield tag="264" ind1=" " ind2="1">
            <subfield code="a">Firenze - Italia :</subfield>
            <subfield code="b">Giunti :</subfield>
            <subfield code="b">Firenze musei,</subfield>
            <subfield code="c">giugno 2018.</subfield>
          </datafield>
          <datafield tag="300" ind1=" " ind2=" ">
            <subfield code="a">351 pages :</subfield>
            <subfield code="b">color illustrations ;</subfield>
            <subfield code="c">30 cm</subfield>
          </datafield>
          <datafield tag="336" ind1=" " ind2=" ">
            <subfield code="a">still image</subfield>
            <subfield code="b">sti</subfield>
            <subfield code="2">rdacontent</subfield>
          </datafield>
          <datafield tag="336" ind1=" " ind2=" ">
            <subfield code="a">text</subfield>
            <subfield code="b">txt</subfield>
            <subfield code="2">rdacontent</subfield>
          </datafield>
          <datafield tag="337" ind1=" " ind2=" ">
            <subfield code="a">unmediated</subfield>
            <subfield code="b">n</subfield>
            <subfield code="2">rdamedia</subfield>
          </datafield>
          <datafield tag="338" ind1=" " ind2=" ">
            <subfield code="a">volume</subfield>
            <subfield code="b">nc</subfield>
            <subfield code="2">rdacarrier</subfield>
          </datafield>
          <datafield tag="500" ind1=" " ind2=" ">
            <subfield code="a">Catalog of an exhibition held at the Gallerie degli Uffizi, and at the Museo nazionale del Bargello, Florence, Italy, June 22-September 23, 2018.</subfield>
          </datafield>
          <datafield tag="504" ind1=" " ind2=" ">
            <subfield code="a">Includes bibliographical references (pages 340-351).</subfield>
          </datafield>
          <datafield tag="520" ind1="8" ind2=" ">
            <subfield code="a">Fra il Quattrocento e il primo Seicento sono numerose le testimonianze di arte islamica raccolte a Firenze: lo scopo principale di questa esposizione è quello di esplorare il cospicuo scambio di opere intercorso fra la capitale del Rinascimento e il mondo orientale islamico, con particolare riferimento al bacino del Mediterraneo. Punto di forza della rassegna espositiva saranno la varietà e la qualità delle tipologie e delle opere esposte: tappeti, tessuti, materiali lignei, ceramici e vitrei, metalli, avori, pietre dure e manoscritti. I manufatti islamici delle collezioni granducali saranno affiancati da opere di altissimo livello provenienti da raccolte italiane e straniere, nonché da una sezione dedicata alle influenze delle importazioni orientali sulle botteghe e officine italiane. Exhibition: Uffizi, Florence, Italy (19.6-23.9.2018); Museo Nazionale del Bargello, Florence, Italy (19.6-23.9.2018).</subfield>
          </datafield>
          <datafield tag="505" ind1="0" ind2="0">
            <subfield code="t">Firenze alla domaschina /</subfield>
            <subfield code="r">Giovanni Curatola --</subfield>
            <subfield code="t">Arti decorative tra Firenze e il Vicino Oriente nel Rinascimento. Un quadro dinamico /</subfield>
            <subfield code="r">Marco Spallanzami --</subfield>
            <subfield code="t">Oggetti islamici nell'arte fiorentina del Rinascimento. Il fascino dell'esotico diventa "maniera moderna" /</subfield>
            <subfield code="r">Catarina Schmidt Arcangeli --</subfield>
            <subfield code="t">Le ceramiche levantine importate a Firenze nel Rinascimento e i riflessi sulle manifatture locali /</subfield>
            <subfield code="r">Marino Marini --</subfield>
            <subfield code="t">I metalli islamici in Italia fino al Cinquecento /</subfield>
            <subfield code="r">Claus-Peter Haase --</subfield>
            <subfield code="t">Firenze e i tessuti islamici /</subfield>
            <subfield code="r">Elisa Gagliardi Mangilli --</subfield>
            <subfield code="t">Il collezionismo di tappeti orientali a Firenze /</subfield>
            <subfield code="r">Alberto Boralevi --</subfield>
            <subfield code="t">L'arte del libro /</subfield>
            <subfield code="r">Claus-Peter Haase --</subfield>
            <subfield code="t">Le armi islamiche nelle armerie medicee /</subfield>
            <subfield code="r">Marco Merlo --</subfield>
            <subfield code="t">Il collezionismo d'arte islamica a Firenze fra Otto e Novecento /</subfield>
            <subfield code="r">Allessandro Diana.</subfield>
          </datafield>
          <datafield tag="650" ind1=" " ind2="0">
            <subfield code="a">Islamic art</subfield>
            <subfield code="x">Collectors and collecting</subfield>
            <subfield code="z">Italy</subfield>
            <subfield code="z">Florence</subfield>
            <subfield code="x">History</subfield>
            <subfield code="v">Exhibitions.</subfield>
            <subfield code="0">http://id.loc.gov/authorities/subjects/sh85007710</subfield>
            <subfield code="0">http://id.loc.gov/authorities/subjects/sh99005241</subfield>
            <subfield code="0">http://id.loc.gov/authorities/names/n79027120</subfield>
            <subfield code="0">http://id.loc.gov/authorities/subjects/sh99005024</subfield>
            <subfield code="0">http://id.loc.gov/authorities/subjects/sh99001275</subfield>
          </datafield>
          <datafield tag="650" ind1=" " ind2="7">
            <subfield code="a">Islamic art.</subfield>
            <subfield code="2">fast</subfield>
            <subfield code="0">http://id.worldcat.org/fast/1730275</subfield>
          </datafield>
          <datafield tag="650" ind1="1" ind2="7">
            <subfield code="a">Islamic art.</subfield>
            <subfield code="2">fast</subfield>
            <subfield code="0">http://id.worldcat.org/fast/1730275</subfield>
          </datafield>
          <datafield tag="650" ind1="2" ind2="7">
            <subfield code="a">Collectors and collecting.</subfield>
            <subfield code="2">fast</subfield>
            <subfield code="0">http://id.worldcat.org/fast/867604</subfield>
          </datafield>
          <datafield tag="650" ind1="2" ind2="7">
            <subfield code="a">History.</subfield>
            <subfield code="2">fast</subfield>
            <subfield code="0">http://id.worldcat.org/fast/958235</subfield>
          </datafield>
          <datafield tag="651" ind1=" " ind2="7">
            <subfield code="a">Italy</subfield>
            <subfield code="z">Florence.</subfield>
            <subfield code="2">fast</subfield>
            <subfield code="0">http://id.worldcat.org/fast/1204699</subfield>
          </datafield>
          <datafield tag="651" ind1="2" ind2="7">
            <subfield code="a">Italy.</subfield>
            <subfield code="2">fast</subfield>
            <subfield code="0">http://id.worldcat.org/fast/1204565</subfield>
          </datafield>
          <datafield tag="651" ind1="2" ind2="7">
            <subfield code="a">Italy</subfield>
            <subfield code="z">Florence.</subfield>
            <subfield code="2">fast</subfield>
            <subfield code="0">http://id.worldcat.org/fast/1204699</subfield>
          </datafield>
          <datafield tag="655" ind1=" " ind2="7">
            <subfield code="a">Exhibition catalogs.</subfield>
            <subfield code="2">fast</subfield>
            <subfield code="0">http://id.worldcat.org/fast/1424028</subfield>
          </datafield>
          <datafield tag="655" ind1=" " ind2="7">
            <subfield code="a">History.</subfield>
            <subfield code="2">fast</subfield>
            <subfield code="0">http://id.worldcat.org/fast/1411628</subfield>
          </datafield>
          <datafield tag="655" ind1=" " ind2="7">
            <subfield code="a">Exhibition catalogs.</subfield>
            <subfield code="2">lcgft</subfield>
            <subfield code="0">http://id.loc.gov/authorities/genreForms/gf2014026098</subfield>
          </datafield>
          <datafield tag="710" ind1="2" ind2=" ">
            <subfield code="a">Galleria degli Uffizi,</subfield>
            <subfield code="0">http://id.loc.gov/authorities/names/n79007196</subfield>
            <subfield code="e">host institution.</subfield>
          </datafield>
          <datafield tag="710" ind1="2" ind2=" ">
            <subfield code="a">Museo nazionale del Bargello (Florence, Italy),</subfield>
            <subfield code="0">http://id.loc.gov/authorities/names/n50003858</subfield>
            <subfield code="e">host institution.</subfield>
          </datafield>
          <datafield tag="700" ind1="1" ind2=" ">
            <subfield code="a">Curatola, Giovanni,</subfield>
            <subfield code="0">http://id.loc.gov/authorities/names/n80116175</subfield>
            <subfield code="e">editor.</subfield>
          </datafield>
          <datafield tag="904" ind1=" " ind2=" ">
            <subfield code="a">MARCIVE 20200629</subfield>
          </datafield>
          <datafield tag="979" ind1=" " ind2=" ">
            <subfield code="a">(OCoLC)1045000294</subfield>
          </datafield>
          <datafield tag="997" ind1=" " ind2=" ">
            <subfield code="a">20190701142617.0</subfield>
            <subfield code="c">YL</subfield>
            <subfield code="d">TEU</subfield>
            <subfield code="s">OCLC</subfield>
            <subfield code="e">WCAT</subfield>
          </datafield>
          <datafield tag="ADM" ind1=" " ind2=" ">
            <subfield code="b">2020-09-07 17:47:31</subfield>
            <subfield code="e">on1045000294</subfield>
            <subfield code="d">MARCIVE</subfield>
            <subfield code="f">20190826135308.0</subfield>
            <subfield code="a">2019-07-01 18:26:17</subfield>
            <subfield code="c">false</subfield>
          </datafield>
          <datafield tag="HLD" ind1="0" ind2=" ">
            <subfield code="b">MAIN</subfield>
            <subfield code="c">stacks</subfield>
            <subfield code="h">N6264.I8</subfield>
            <subfield code="i">F585 2018</subfield>
            <subfield code="8">22468992730003811</subfield>
            <subfield code="updated">2019-08-26 17:56:15</subfield>
            <subfield code="created">2019-07-01 18:26:29</subfield>
          </datafield>
          <datafield tag="ITM" ind1=" " ind2=" ">
            <subfield code="r">22468992730003811</subfield>
            <subfield code="b">0</subfield>
            <subfield code="h">0</subfield>
            <subfield code="g">IN_RS_REQ</subfield>
            <subfield code="t">BOOK</subfield>
            <subfield code="9">39074029871308</subfield>
            <subfield code="e">stacks</subfield>
            <subfield code="8">23468992720003811</subfield>
            <subfield code="a">0</subfield>
            <subfield code="i">N6264.I8 F585 2018</subfield>
            <subfield code="updated">2021-01-05 20:37:28</subfield>
            <subfield code="u">ILL</subfield>
            <subfield code="q">2019-07-01 18:26:29</subfield>
            <subfield code="d">MAIN</subfield>
            <subfield code="p">2021-04-28 03:59:00</subfield>
            <subfield code="f">RES_SHARE</subfield>
          </datafield>
        </record>
      </metadata>
    </record>