
    <record>
      <header>
        <identifier>oai:alma.01TULI_INST:991037280774203811</identifier>
        <datestamp>2021-01-07T21:43:39Z</datestamp>
        <setSpec>blacklight</setSpec>
        <setSpec>blacklight-bw</setSpec>
        <setSpec>reshare</setSpec>
        <setSpec>rapid_print_books</setSpec>
      </header>
      <metadata>
        <record xmlns="http://www.loc.gov/MARC21/slim" xmlns:xsi="http://www.w3.org/2001/XMLSchema-instance" xsi:schemaLocation="http://www.loc.gov/MARC21/slim http://www.loc.gov/standards/marcxml/schema/MARC21slim.xsd">
          <leader>02732cam  2200397 i 4500</leader>
          <controlfield tag="005">20201105093859.0</controlfield>
          <controlfield tag="008">181025t20192019enka     b    001 0 eng d</controlfield>
          <controlfield tag="001">991037280774203811</controlfield>
          <datafield tag="020" ind1=" " ind2=" ">
            <subfield code="a">1848222971</subfield>
            <subfield code="q">hardback</subfield>
          </datafield>
          <datafield tag="020" ind1=" " ind2=" ">
            <subfield code="a">9781848222977</subfield>
            <subfield code="q">hardback</subfield>
          </datafield>
          <datafield tag="035" ind1=" " ind2=" ">
            <subfield code="a">(OCoLC)1057779229</subfield>
          </datafield>
          <datafield tag="040" ind1=" " ind2=" ">
            <subfield code="a">YDX</subfield>
            <subfield code="b">eng</subfield>
            <subfield code="e">rda</subfield>
            <subfield code="c">YDX</subfield>
            <subfield code="d">OCLCQ</subfield>
            <subfield code="d">BDX</subfield>
            <subfield code="d">ERASA</subfield>
            <subfield code="d">YDXIT</subfield>
            <subfield code="d">OCLCF</subfield>
          </datafield>
          <datafield tag="050" ind1=" " ind2="4">
            <subfield code="a">N6537.S543</subfield>
            <subfield code="b">S55 2019</subfield>
          </datafield>
          <datafield tag="082" ind1="0" ind2="4">
            <subfield code="a">759.13</subfield>
            <subfield code="2">23</subfield>
          </datafield>
          <datafield tag="100" ind1="1" ind2=" ">
            <subfield code="a">Smith, Valérie,</subfield>
            <subfield code="d">1955-</subfield>
            <subfield code="0">http://id.loc.gov/authorities/names/no2010086332</subfield>
            <subfield code="e">author.</subfield>
          </datafield>
          <datafield tag="245" ind1="1" ind2="0">
            <subfield code="a">Amy Sillman /</subfield>
            <subfield code="c">Valérie Smith.</subfield>
          </datafield>
          <datafield tag="264" ind1=" " ind2="1">
            <subfield code="a">London :</subfield>
            <subfield code="b">Lund Humphries Publishers,</subfield>
            <subfield code="c">2019.</subfield>
          </datafield>
          <datafield tag="264" ind1=" " ind2="4">
            <subfield code="c">©2019</subfield>
          </datafield>
          <datafield tag="300" ind1=" " ind2=" ">
            <subfield code="a">144 pages :</subfield>
            <subfield code="b">illustrations (some color) ;</subfield>
            <subfield code="c">29 cm.</subfield>
          </datafield>
          <datafield tag="336" ind1=" " ind2=" ">
            <subfield code="a">text</subfield>
            <subfield code="b">txt</subfield>
            <subfield code="2">rdacontent</subfield>
          </datafield>
          <datafield tag="336" ind1=" " ind2=" ">
            <subfield code="a">still image</subfield>
            <subfield code="b">sti</subfield>
            <subfield code="2">rdacontent</subfield>
          </datafield>
          <datafield tag="337" ind1=" " ind2=" ">
            <subfield code="a">unmediated</subfield>
            <subfield code="b">n</subfield>
            <subfield code="2">rdamedia</subfield>
          </datafield>
          <datafield tag="338" ind1=" " ind2=" ">
            <subfield code="a">volume</subfield>
            <subfield code="b">nc</subfield>
            <subfield code="2">rdacarrier</subfield>
          </datafield>
          <datafield tag="490" ind1="1" ind2=" ">
            <subfield code="a">Contemporary painters series</subfield>
          </datafield>
          <datafield tag="504" ind1=" " ind2=" ">
            <subfield code="a">Includes bibliographical references and index.</subfield>
          </datafield>
          <datafield tag="520" ind1="8" ind2=" ">
            <subfield code="a">A prolifically creative artistic polymath, American artist Amy Sillman (b.1955) works in drawing, zines, iPhone videos, installation, collaboration, teaching and curating, but painting has remained always at the very heart of her practice. This comprehensive monograph covers two decades of production, from the late-1990s to the present. Valerie Smith's text reveals Sillman's uniquely time-based approach to painting, influenced and inflected as much by filmmakers and musicians and the processes of her other chosen disciplines as by strictly art-historical forebears. Sillman's works perform an intensive cognitive and gestural interrogation of her chosen materials: discovering, undoing and reforming trains of painterly thought, often over long periods of time and across large numbers of linked works. Sillman's painting emerges as a radically expressive force; a pointedly self-reflexive practice that reformulates contemporary painting as an ever-evolving continuum and never simply a finished work.</subfield>
          </datafield>
          <datafield tag="650" ind1="2" ind2="7">
            <subfield code="a">Criticism and interpretation.</subfield>
            <subfield code="2">fast</subfield>
            <subfield code="0">http://id.worldcat.org/fast/1198648</subfield>
          </datafield>
          <datafield tag="655" ind1=" " ind2="7">
            <subfield code="a">Criticism, interpretation, etc.</subfield>
            <subfield code="2">fast</subfield>
            <subfield code="0">http://id.worldcat.org/fast/1411635</subfield>
          </datafield>
          <datafield tag="600" ind1="1" ind2="0">
            <subfield code="a">Sillman, Amy</subfield>
            <subfield code="0">http://id.loc.gov/authorities/names/no2003045868</subfield>
            <subfield code="x">Criticism and interpretation.</subfield>
            <subfield code="0">http://id.loc.gov/authorities/subjects/sh99005576</subfield>
          </datafield>
          <datafield tag="600" ind1="1" ind2="7">
            <subfield code="a">Sillman, Amy.</subfield>
            <subfield code="2">fast</subfield>
            <subfield code="0">http://id.worldcat.org/fast/493933</subfield>
          </datafield>
          <datafield tag="700" ind1="1" ind2="2">
            <subfield code="a">Sillman, Amy.</subfield>
            <subfield code="t">Works.</subfield>
            <subfield code="k">Selections.</subfield>
          </datafield>
          <datafield tag="830" ind1=" " ind2="0">
            <subfield code="a">Contemporary painters series</subfield>
            <subfield code="0">http://id.loc.gov/authorities/names/no2018018607</subfield>
          </datafield>
          <datafield tag="904" ind1=" " ind2=" ">
            <subfield code="a">MARCIVE 20200629</subfield>
          </datafield>
          <datafield tag="945" ind1=" " ind2="1">
            <subfield code="i">39074031773963</subfield>
            <subfield code="k">MAIN</subfield>
            <subfield code="l">stacks</subfield>
            <subfield code="a">N6537.S543</subfield>
            <subfield code="b">S55 2019</subfield>
            <subfield code="z">090</subfield>
          </datafield>
          <datafield tag="979" ind1=" " ind2=" ">
            <subfield code="a">(OCoLC)1057779229</subfield>
          </datafield>
          <datafield tag="997" ind1=" " ind2=" ">
            <subfield code="a">20190730</subfield>
            <subfield code="d">TEU</subfield>
            <subfield code="c">COUTTS-SR</subfield>
            <subfield code="e">WCAT</subfield>
          </datafield>
          <datafield tag="ADM" ind1=" " ind2=" ">
            <subfield code="b">2020-11-05 14:38:59</subfield>
            <subfield code="e">on1057779229</subfield>
            <subfield code="d">MARCIVE</subfield>
            <subfield code="f">20190731115223.0</subfield>
            <subfield code="a">2019-07-11 14:02:31</subfield>
            <subfield code="c">false</subfield>
          </datafield>
          <datafield tag="HLD" ind1="0" ind2=" ">
            <subfield code="b">MAIN</subfield>
            <subfield code="c">stacks</subfield>
            <subfield code="h">N6537.S543</subfield>
            <subfield code="i">S55 2019</subfield>
            <subfield code="8">22470407240003811</subfield>
            <subfield code="updated">2019-07-11 14:03:09</subfield>
            <subfield code="created">2019-07-11 14:03:09</subfield>
          </datafield>
          <datafield tag="ITM" ind1=" " ind2=" ">
            <subfield code="r">22470407240003811</subfield>
            <subfield code="b">0</subfield>
            <subfield code="h">0</subfield>
            <subfield code="g">stacks</subfield>
            <subfield code="t">BOOK</subfield>
            <subfield code="9">39074031773963</subfield>
            <subfield code="e">stacks</subfield>
            <subfield code="l">0</subfield>
            <subfield code="8">23470407230003811</subfield>
            <subfield code="a">0</subfield>
            <subfield code="i">N6537.S543 S55 2019</subfield>
            <subfield code="updated">2021-01-07 20:14:36</subfield>
            <subfield code="u">LOAN</subfield>
            <subfield code="q">2019-07-11 14:03:09</subfield>
            <subfield code="d">MAIN</subfield>
            <subfield code="f">MAIN</subfield>
          </datafield>
        </record>
      </metadata>
    </record>