
    <record>
      <header>
        <identifier>oai:alma.01TULI_INST:991037221093203811</identifier>
        <datestamp>2021-01-05T21:53:11Z</datestamp>
        <setSpec>blacklight</setSpec>
        <setSpec>rapid_electronic_journals</setSpec>
        <setSpec>BrowZine</setSpec>
      </header>
      <metadata>
        <record xmlns="http://www.loc.gov/MARC21/slim" xmlns:xsi="http://www.w3.org/2001/XMLSchema-instance" xsi:schemaLocation="http://www.loc.gov/MARC21/slim http://www.loc.gov/standards/marcxml/schema/MARC21slim.xsd">
          <leader>02173nas--2200505-a-4500</leader>
          <controlfield tag="001">991037221093203811</controlfield>
          <controlfield tag="005">20210104162225.0</controlfield>
          <controlfield tag="008">770923c19539999ja-ar---o-----0----0jpnr-</controlfield>
          <datafield tag="010" ind1=" " ind2=" ">
            <subfield code="a">  2008219145</subfield>
            <subfield code="z">   78821703</subfield>
          </datafield>
          <datafield tag="016" ind1="7" ind2=" ">
            <subfield code="a">30871-7</subfield>
            <subfield code="2">DE-600</subfield>
          </datafield>
          <datafield tag="016" ind1="7" ind2=" ">
            <subfield code="a">010488592</subfield>
            <subfield code="2">Uk</subfield>
          </datafield>
          <datafield tag="022" ind1=" " ind2=" ">
            <subfield code="a">2424-1520</subfield>
          </datafield>
          <datafield tag="035" ind1=" " ind2=" ">
            <subfield code="a">(OCoLC)3289506</subfield>
          </datafield>
          <datafield tag="035" ind1=" " ind2=" ">
            <subfield code="a">(CKB)1000000000287478</subfield>
          </datafield>
          <datafield tag="035" ind1=" " ind2=" ">
            <subfield code="a">(CONSER)--2008219145</subfield>
          </datafield>
          <datafield tag="035" ind1=" " ind2=" ">
            <subfield code="a">(EXLCZ)991000000000287478</subfield>
          </datafield>
          <datafield tag="041" ind1="0" ind2=" ">
            <subfield code="a">jpn</subfield>
            <subfield code="b">eng</subfield>
            <subfield code="f">eng</subfield>
          </datafield>
          <datafield tag="042" ind1=" " ind2=" ">
            <subfield code="a">pcc</subfield>
          </datafield>
          <datafield tag="050" ind1="0" ind2="0">
            <subfield code="a">PA9</subfield>
            <subfield code="b">.S43</subfield>
          </datafield>
          <datafield tag="066" ind1=" " ind2=" ">
            <subfield code="c">$1</subfield>
          </datafield>
          <datafield tag="222" ind1=" " ind2="0">
            <subfield code="a">Seiyō kotengaku kenkyū</subfield>
          </datafield>
          <datafield tag="245" ind1="0" ind2="0">
            <subfield code="a">西洋古典学研究 [[セイヨウコテンガクケンキュウ]]</subfield>
          </datafield>
          <datafield tag="246" ind1="3" ind2="1">
            <subfield code="a">Journal of classical studies</subfield>
          </datafield>
          <datafield tag="260" ind1=" " ind2=" ">
            <subfield code="6">880-02</subfield>
            <subfield code="a">Tōkyō :</subfield>
            <subfield code="b">Iwanami Shoten</subfield>
          </datafield>
          <datafield tag="880" ind1=" " ind2=" ">
            <subfield code="6">260-02/$1</subfield>
            <subfield code="a">東京 :</subfield>
            <subfield code="b">岩波書店</subfield>
          </datafield>
          <datafield tag="300" ind1=" " ind2=" ">
            <subfield code="a">volumes :</subfield>
            <subfield code="b">illustrations ;</subfield>
            <subfield code="c">21 cm</subfield>
          </datafield>
          <datafield tag="310" ind1=" " ind2=" ">
            <subfield code="a">Annual</subfield>
          </datafield>
          <datafield tag="336" ind1=" " ind2=" ">
            <subfield code="a">text</subfield>
            <subfield code="b">txt</subfield>
            <subfield code="2">rdacontent</subfield>
          </datafield>
          <datafield tag="337" ind1=" " ind2=" ">
            <subfield code="a">unmediated</subfield>
            <subfield code="b">n</subfield>
            <subfield code="2">rdamedia</subfield>
          </datafield>
          <datafield tag="338" ind1=" " ind2=" ">
            <subfield code="a">volume</subfield>
            <subfield code="b">nc</subfield>
            <subfield code="2">rdacarrier</subfield>
          </datafield>
          <datafield tag="362" ind1="1" ind2=" ">
            <subfield code="a">Began in 1953. Cf. Kokuritsu Kokkai Toshokan Wazasshi mokuroku kō, 1969.</subfield>
          </datafield>
          <datafield tag="546" ind1=" " ind2=" ">
            <subfield code="a">Summaries and table of contents also in English.</subfield>
          </datafield>
          <datafield tag="550" ind1=" " ind2=" ">
            <subfield code="6">880-03</subfield>
            <subfield code="a">Official organ of: Nihon Seiyō Koten Gakkai.</subfield>
          </datafield>
          <datafield tag="880" ind1=" " ind2=" ">
            <subfield code="6">550-03/$1</subfield>
            <subfield code="a">Official organ of: 日本西洋古典学会.</subfield>
          </datafield>
          <datafield tag="588" ind1=" " ind2=" ">
            <subfield code="6">880-04</subfield>
            <subfield code="a">Latest issue consulted: 54 (2006-nen).</subfield>
          </datafield>
          <datafield tag="880" ind1=" " ind2=" ">
            <subfield code="6">588-04/$1</subfield>
            <subfield code="a">Latest issue consulted: 54 (2006年).</subfield>
          </datafield>
          <datafield tag="650" ind1=" " ind2="0">
            <subfield code="a">Classical philology</subfield>
            <subfield code="v">Periodicals.</subfield>
          </datafield>
          <datafield tag="650" ind1=" " ind2="0">
            <subfield code="a">Classical philology</subfield>
            <subfield code="v">Bibliography</subfield>
            <subfield code="v">Periodicals.</subfield>
          </datafield>
          <datafield tag="650" ind1=" " ind2="7">
            <subfield code="a">Classical philology.</subfield>
            <subfield code="2">fast</subfield>
            <subfield code="0">(OCoLC)fst00863532</subfield>
          </datafield>
          <datafield tag="655" ind1=" " ind2="7">
            <subfield code="a">Bibliographies.</subfield>
            <subfield code="2">fast</subfield>
            <subfield code="0">(OCoLC)fst01919895</subfield>
          </datafield>
          <datafield tag="655" ind1=" " ind2="7">
            <subfield code="a">Periodicals.</subfield>
            <subfield code="2">fast</subfield>
            <subfield code="0">(OCoLC)fst01411641</subfield>
          </datafield>
          <datafield tag="776" ind1=" " ind2=" ">
            <subfield code="x">0447-9114</subfield>
          </datafield>
          <datafield tag="710" ind1="2" ind2=" ">
            <subfield code="6">880-05</subfield>
            <subfield code="a">Nihon Seiyō Koten Gakkai.</subfield>
          </datafield>
          <datafield tag="880" ind1="2" ind2=" ">
            <subfield code="6">710-05/$1</subfield>
            <subfield code="a">日本西洋古典学会.</subfield>
          </datafield>
          <datafield tag="880" ind1="0" ind2="0">
            <subfield code="6">245-01/$1</subfield>
            <subfield code="a">西洋古典学研究 =</subfield>
            <subfield code="b">Journal of classical studies.</subfield>
          </datafield>
          <datafield tag="906" ind1=" " ind2=" ">
            <subfield code="a">JOURNAL</subfield>
          </datafield>
          <datafield tag="ADM" ind1=" " ind2=" ">
            <subfield code="b">2021-01-05 16:01:45</subfield>
            <subfield code="e">1000000000287478</subfield>
            <subfield code="d">CKB</subfield>
            <subfield code="f">20170828054823.5</subfield>
            <subfield code="a">2012-02-25 21:53:55</subfield>
            <subfield code="c">false</subfield>
          </datafield>
          <datafield tag="PRT" ind1=" " ind2=" ">
            <subfield code="i">61337194880003811</subfield>
            <subfield code="updated">2020-10-20 10:44:05</subfield>
            <subfield code="e">J-STAGE</subfield>
            <subfield code="c">J-STAGE Free</subfield>
            <subfield code="created">2019-07-12 19:07:02</subfield>
            <subfield code="j">62337194870003811</subfield>
            <subfield code="a">53470412940003811</subfield>
            <subfield code="b">https://sandbox01-na.alma.exlibrisgroup.com/view/uresolver/01TULI_INST/openurl?u.ignore_date_coverage=true&amp;rft.mms_id=991037221093203811</subfield>
            <subfield code="g"> Available from 1953 until 2017.</subfield>
            <subfield code="9">Available</subfield>
            <subfield code="h">61111054751068000</subfield>
            <subfield code="8">53470412940003811</subfield>
          </datafield>
        </record>
      </metadata>
    </record>