
    <record>
      <header>
        <identifier>oai:alma.01TULI_INST:991037281710603811</identifier>
        <datestamp>2021-01-05T21:53:11Z</datestamp>
        <setSpec>blacklight</setSpec>
      </header>
      <metadata>
        <record xmlns="http://www.loc.gov/MARC21/slim" xmlns:xsi="http://www.w3.org/2001/XMLSchema-instance" xsi:schemaLocation="http://www.loc.gov/MARC21/slim http://www.loc.gov/standards/marcxml/schema/MARC21slim.xsd">
          <leader>04052nam  2200577Ia 4500</leader>
          <controlfield tag="001">991037281710603811</controlfield>
          <controlfield tag="005">20210104162512.0</controlfield>
          <controlfield tag="006">m     o  d |      </controlfield>
          <controlfield tag="007">cr#-n---------</controlfield>
          <controlfield tag="008">090422s2010    nyu     o     000 0 eng d</controlfield>
          <datafield tag="010" ind1=" " ind2=" ">
            <subfield code="z">  2009016086</subfield>
          </datafield>
          <datafield tag="020" ind1=" " ind2=" ">
            <subfield code="a">9781135278557</subfield>
          </datafield>
          <datafield tag="020" ind1=" " ind2=" ">
            <subfield code="a">9780203872604</subfield>
          </datafield>
          <datafield tag="035" ind1=" " ind2=" ">
            <subfield code="a">(CKB)1000000000804139</subfield>
          </datafield>
          <datafield tag="035" ind1=" " ind2=" ">
            <subfield code="a">(EBL)460258</subfield>
          </datafield>
          <datafield tag="035" ind1=" " ind2=" ">
            <subfield code="a">(OCoLC)654781286</subfield>
          </datafield>
          <datafield tag="035" ind1=" " ind2=" ">
            <subfield code="a">(SSID)ssj0000340266</subfield>
          </datafield>
          <datafield tag="035" ind1=" " ind2=" ">
            <subfield code="a">(PQKBManifestationID)12084455</subfield>
          </datafield>
          <datafield tag="035" ind1=" " ind2=" ">
            <subfield code="a">(PQKBTitleCode)TC0000340266</subfield>
          </datafield>
          <datafield tag="035" ind1=" " ind2=" ">
            <subfield code="a">(PQKBWorkID)10387865</subfield>
          </datafield>
          <datafield tag="035" ind1=" " ind2=" ">
            <subfield code="a">(PQKB)11578849</subfield>
          </datafield>
          <datafield tag="035" ind1=" " ind2=" ">
            <subfield code="a">(MiAaPQ)EBC460258</subfield>
          </datafield>
          <datafield tag="035" ind1=" " ind2=" ">
            <subfield code="a">(EXLCZ)991000000000804139</subfield>
          </datafield>
          <datafield tag="040" ind1=" " ind2=" ">
            <subfield code="a">MiAaPQ</subfield>
            <subfield code="c">MiAaPQ</subfield>
            <subfield code="d">MiAaPQ</subfield>
          </datafield>
          <datafield tag="041" ind1=" " ind2=" ">
            <subfield code="a">eng</subfield>
          </datafield>
          <datafield tag="050" ind1=" " ind2="4">
            <subfield code="a">P94.6</subfield>
            <subfield code="b">.M4255 2010</subfield>
          </datafield>
          <datafield tag="082" ind1="0" ind2="0">
            <subfield code="a">302.23</subfield>
          </datafield>
          <datafield tag="245" ind1="0" ind2="0">
            <subfield code="a">Media events in a global age</subfield>
            <subfield code="h">[electronic resource] /</subfield>
            <subfield code="c">edited by Nick Couldry, Andreas Hepp and Friedrich Krotz.</subfield>
          </datafield>
          <datafield tag="260" ind1=" " ind2=" ">
            <subfield code="a">New York, NY :</subfield>
            <subfield code="b">Routledge,</subfield>
            <subfield code="c">2010.</subfield>
          </datafield>
          <datafield tag="300" ind1=" " ind2=" ">
            <subfield code="a">1 online resource (315 p.)</subfield>
          </datafield>
          <datafield tag="336" ind1=" " ind2=" ">
            <subfield code="a">text</subfield>
            <subfield code="b">txt</subfield>
          </datafield>
          <datafield tag="337" ind1=" " ind2=" ">
            <subfield code="a">computer</subfield>
            <subfield code="b">c</subfield>
          </datafield>
          <datafield tag="338" ind1=" " ind2=" ">
            <subfield code="a">online resource</subfield>
            <subfield code="b">cr</subfield>
          </datafield>
          <datafield tag="490" ind1="1" ind2=" ">
            <subfield code="a">Comedia</subfield>
          </datafield>
          <datafield tag="500" ind1=" " ind2=" ">
            <subfield code="a">Description based upon print version of record.</subfield>
          </datafield>
          <datafield tag="505" ind1="0" ind2=" ">
            <subfield code="a">Cover; MEDIA EVENTS IN A GLOBAL AGE; Title Page; Copyright Page; Table of Contents; List of illustrations; Notes on contributors; Acknowledgments; 1 Introduction: media events in globalized media cultures; PART I Media events rethought; 2 Beyond media events: disenchantment, derailment, disruption; 3 ""No more peace!"" How disaster, terror and war have upstaged media events; PART II The history and future of the media event; 4 Historical perspectives on media events: a comparison of the Lisbon earthquake in 1755 and the Tsunami catastrophe in 2004</subfield>
          </datafield>
          <datafield tag="505" ind1="8" ind2=" ">
            <subfield code="a">5 From media events to ritual to communicative form6 Media spectacle and media events: some critical reflections; PART III Media events in the frame of contemporary social and cultural media theory; 7 Creating a national holiday: media events, symbolic capital and symbolic power; 8 Modalities of mediation; 9 Media events, Eurovision and societal centers; PART IV Media events and everyday identities; 10 Permanent turbulence and reparatory work: a dramaturgical approach to late modern television; 11 Media events and gendered identities in South Asia: Miss World going ""Deshi""</subfield>
          </datafield>
          <datafield tag="505" ind1="8" ind2=" ">
            <subfield code="a">12 Media event culture and lifestyle management: observations on the influence of media events on everyday culturePART V Media events and global politics; 13 In pursuit of a global image: media events as political communication; 14 9/11 and the transformation of globalized media events; 15 Eventspheres as discursive forms: (re-)negotiating the ""mediated center"" in new network cultures; PART VI Media events and cultural contexts; 16 Sports events: the Olympics in Greece; 17 Performing global ""news"": indigenizing WTO as media event</subfield>
          </datafield>
          <datafield tag="505" ind1="8" ind2=" ">
            <subfield code="a">18 Religious media events: the Catholic ""World Youth Day"" as an example of the mediatization and individualization of religion19 Conclusion: the media events debate: moving to the next stage; Index</subfield>
          </datafield>
          <datafield tag="520" ind1=" " ind2=" ">
            <subfield code="a">""This volume assembles an estimable range of critical analyses of one of the most important mediated artifacts of the modern world-the media event. The authors challenge the construct, extend its usefulness, expand its theoretical basis and application, and examine media events in a far larger and richer context than ever before. Students of global media today are well served by this superb collection of essays.""David Morgan, Duke University, USA""A welcome and worthy successor to Dayan and Katz's path-breaking study that expands and enriches the discourse o</subfield>
          </datafield>
          <datafield tag="546" ind1=" " ind2=" ">
            <subfield code="a">English</subfield>
          </datafield>
          <datafield tag="650" ind1=" " ind2="0">
            <subfield code="a">Mass media and culture.</subfield>
          </datafield>
          <datafield tag="650" ind1=" " ind2="0">
            <subfield code="a">Mass media</subfield>
            <subfield code="x">Social aspects.</subfield>
          </datafield>
          <datafield tag="650" ind1=" " ind2="0">
            <subfield code="a">Mass media and globalization.</subfield>
          </datafield>
          <datafield tag="650" ind1=" " ind2="0">
            <subfield code="a">Mass media</subfield>
            <subfield code="x">Influence.</subfield>
          </datafield>
          <datafield tag="655" ind1=" " ind2="4">
            <subfield code="a">Electronic books.</subfield>
          </datafield>
          <datafield tag="776" ind1=" " ind2=" ">
            <subfield code="z">0-415-47710-7</subfield>
          </datafield>
          <datafield tag="700" ind1="1" ind2=" ">
            <subfield code="a">Couldry, Nick.</subfield>
          </datafield>
          <datafield tag="700" ind1="1" ind2=" ">
            <subfield code="a">Hepp, Andreas.</subfield>
          </datafield>
          <datafield tag="700" ind1="1" ind2=" ">
            <subfield code="a">Krotz, Friedrich.</subfield>
          </datafield>
          <datafield tag="830" ind1=" " ind2="0">
            <subfield code="a">Comedia.</subfield>
          </datafield>
          <datafield tag="906" ind1=" " ind2=" ">
            <subfield code="a">BOOK</subfield>
          </datafield>
          <datafield tag="ADM" ind1=" " ind2=" ">
            <subfield code="b">2021-01-05 16:11:12</subfield>
            <subfield code="e">1000000000804139</subfield>
            <subfield code="d">EBC</subfield>
            <subfield code="a">2012-02-25 23:47:09</subfield>
            <subfield code="c">false</subfield>
          </datafield>
          <datafield tag="PRT" ind1=" " ind2=" ">
            <subfield code="i">61419889170003811</subfield>
            <subfield code="updated">2019-07-16 06:30:59</subfield>
            <subfield code="e">Ebook Central</subfield>
            <subfield code="c">Ebook Central Academic Complete</subfield>
            <subfield code="created">2019-07-16 06:30:58</subfield>
            <subfield code="j">62419889160003811</subfield>
            <subfield code="a">53470735280003811</subfield>
            <subfield code="b">https://sandbox01-na.alma.exlibrisgroup.com/view/uresolver/01TULI_INST/openurl?u.ignore_date_coverage=true&amp;rft.mms_id=991037281710603811</subfield>
            <subfield code="9">Available</subfield>
            <subfield code="h">614200000000000002</subfield>
            <subfield code="8">53470735280003811</subfield>
          </datafield>
          <datafield tag="PRT" ind1=" " ind2=" ">
            <subfield code="i">61391921830003811</subfield>
            <subfield code="updated">2020-02-29 04:41:12</subfield>
            <subfield code="e">EBSCOhost</subfield>
            <subfield code="c">EBSCOhost Academic eBook Collection (North America)</subfield>
            <subfield code="created">2020-02-29 04:41:12</subfield>
            <subfield code="j">62391921820003811</subfield>
            <subfield code="a">53496291390003811</subfield>
            <subfield code="b">https://sandbox01-na.alma.exlibrisgroup.com/view/uresolver/01TULI_INST/openurl?u.ignore_date_coverage=true&amp;rft.mms_id=991037281710603811</subfield>
            <subfield code="9">Available</subfield>
            <subfield code="h">613640000000000029</subfield>
            <subfield code="8">53496291390003811</subfield>
          </datafield>
        </record>
      </metadata>
    </record>