
    <record>
      <header>
        <identifier>oai:alma.01TULI_INST:991037281823503811</identifier>
        <datestamp>2021-01-06T09:57:05Z</datestamp>
        <setSpec>blacklight</setSpec>
      </header>
      <metadata>
        <record xmlns="http://www.loc.gov/MARC21/slim" xmlns:xsi="http://www.w3.org/2001/XMLSchema-instance" xsi:schemaLocation="http://www.loc.gov/MARC21/slim http://www.loc.gov/standards/marcxml/schema/MARC21slim.xsd">
          <leader>01431nam  2200385 i 4500</leader>
          <controlfield tag="001">991037281823503811</controlfield>
          <controlfield tag="005">20210104171646.0</controlfield>
          <controlfield tag="006">m     o  d |      </controlfield>
          <controlfield tag="007">cr cnu||||||||</controlfield>
          <controlfield tag="008">190916s2018    sp      o     000 0 spa d</controlfield>
          <datafield tag="020" ind1=" " ind2=" ">
            <subfield code="a">84-9148-883-9</subfield>
          </datafield>
          <datafield tag="035" ind1=" " ind2=" ">
            <subfield code="a">(CKB)4100000007389385</subfield>
          </datafield>
          <datafield tag="035" ind1=" " ind2=" ">
            <subfield code="a">(MiAaPQ)EBC5757294</subfield>
          </datafield>
          <datafield tag="035" ind1=" " ind2=" ">
            <subfield code="a">(EXLCZ)994100000007389385</subfield>
          </datafield>
          <datafield tag="040" ind1=" " ind2=" ">
            <subfield code="a">FINmELB</subfield>
            <subfield code="b">spa</subfield>
            <subfield code="e">rda</subfield>
            <subfield code="c">FINmELB</subfield>
          </datafield>
          <datafield tag="050" ind1=" " ind2="4">
            <subfield code="a">KKT50</subfield>
            <subfield code="b">T683 2018</subfield>
          </datafield>
          <datafield tag="080" ind1=" " ind2=" ">
            <subfield code="a">340.12(460.187.2)</subfield>
          </datafield>
          <datafield tag="082" ind1="0" ind2=" ">
            <subfield code="a">340.071146</subfield>
            <subfield code="2">23</subfield>
          </datafield>
          <datafield tag="100" ind1="1" ind2=" ">
            <subfield code="a">Torijano Pérez, Eugenia.</subfield>
          </datafield>
          <datafield tag="245" ind1="1" ind2="4">
            <subfield code="a">Los estudios jurídicos en la universidad salmantina del siglo XIX /</subfield>
            <subfield code="c">Eugenia Torijano Pérez.</subfield>
          </datafield>
          <datafield tag="264" ind1=" " ind2="1">
            <subfield code="a">Madrid :</subfield>
            <subfield code="b">Dykinson,</subfield>
            <subfield code="c">2018.</subfield>
          </datafield>
          <datafield tag="300" ind1=" " ind2=" ">
            <subfield code="a">1 recurso en línea (625 páginas)</subfield>
          </datafield>
          <datafield tag="336" ind1=" " ind2=" ">
            <subfield code="a">texto</subfield>
            <subfield code="b">txt</subfield>
            <subfield code="2">rdamedia/spa</subfield>
          </datafield>
          <datafield tag="337" ind1=" " ind2=" ">
            <subfield code="a">computadora</subfield>
            <subfield code="b">c</subfield>
            <subfield code="2">rdamedia/spa</subfield>
          </datafield>
          <datafield tag="338" ind1=" " ind2=" ">
            <subfield code="a">recurso en línea</subfield>
            <subfield code="2">rdacarrier/spa</subfield>
          </datafield>
          <datafield tag="490" ind1="1" ind2=" ">
            <subfield code="a">Legal history</subfield>
          </datafield>
          <datafield tag="588" ind1=" " ind2=" ">
            <subfield code="a">Descripción basada en metadatos suministrados por el editor y otras fuentes.</subfield>
          </datafield>
          <datafield tag="650" ind1=" " ind2="0">
            <subfield code="a">Law</subfield>
            <subfield code="x">Study and teaching</subfield>
            <subfield code="z">Spain</subfield>
            <subfield code="z">Salamanca</subfield>
            <subfield code="x">History</subfield>
            <subfield code="y">19th century.</subfield>
          </datafield>
          <datafield tag="650" ind1=" " ind2="4">
            <subfield code="a">Derecho</subfield>
            <subfield code="x">Estudio y enseñanza</subfield>
            <subfield code="z">España</subfield>
            <subfield code="z">Salamanca</subfield>
            <subfield code="y">Siglo XIX.</subfield>
          </datafield>
          <datafield tag="650" ind1=" " ind2="0">
            <subfield code="a">Law schools</subfield>
            <subfield code="z">Spain</subfield>
            <subfield code="z">Salamanca.</subfield>
          </datafield>
          <datafield tag="650" ind1=" " ind2="4">
            <subfield code="a">Escuelas de derecho</subfield>
            <subfield code="z">España</subfield>
            <subfield code="z">Salamanca.</subfield>
          </datafield>
          <datafield tag="655" ind1=" " ind2="4">
            <subfield code="a">Libros electronicos.</subfield>
          </datafield>
          <datafield tag="797" ind1="2" ind2=" ">
            <subfield code="a">elibro, Corp.</subfield>
          </datafield>
          <datafield tag="776" ind1=" " ind2=" ">
            <subfield code="z">84-9148-835-9</subfield>
          </datafield>
          <datafield tag="830" ind1=" " ind2="0">
            <subfield code="a">Legal history.</subfield>
          </datafield>
          <datafield tag="906" ind1=" " ind2=" ">
            <subfield code="a">BOOK</subfield>
          </datafield>
          <datafield tag="ADM" ind1=" " ind2=" ">
            <subfield code="b">2021-01-06 08:30:12</subfield>
            <subfield code="e">(CKB)4100000007389385</subfield>
            <subfield code="d">CKB</subfield>
            <subfield code="a">2019-01-13 07:59:10</subfield>
            <subfield code="c">false</subfield>
          </datafield>
          <datafield tag="PRT" ind1=" " ind2=" ">
            <subfield code="i">61337194490003811</subfield>
            <subfield code="updated">2019-11-14 14:51:13</subfield>
            <subfield code="e">DOAB Directory of Open Access Books</subfield>
            <subfield code="c">DOAB Directory of Open Access Books</subfield>
            <subfield code="created">2019-11-14 14:51:13</subfield>
            <subfield code="j">62337194480003811</subfield>
            <subfield code="a">53477091670003811</subfield>
            <subfield code="b">https://sandbox01-na.alma.exlibrisgroup.com/view/uresolver/01TULI_INST/openurl?u.ignore_date_coverage=true&amp;rft.mms_id=991037281823503811</subfield>
            <subfield code="9">Available</subfield>
            <subfield code="h">613680000000000027</subfield>
            <subfield code="8">53477091670003811</subfield>
          </datafield>
          <datafield tag="PRT" ind1=" " ind2=" ">
            <subfield code="i">61337194490003811</subfield>
            <subfield code="updated">2019-11-14 14:35:25</subfield>
            <subfield code="e">DOAB Directory of Open Access Books</subfield>
            <subfield code="c">DOAB Directory of Open Access Books</subfield>
            <subfield code="created">2019-11-14 14:35:25</subfield>
            <subfield code="j">62337194480003811</subfield>
            <subfield code="a">53476693400003811</subfield>
            <subfield code="b">https://sandbox01-na.alma.exlibrisgroup.com/view/uresolver/01TULI_INST/openurl?u.ignore_date_coverage=true&amp;rft.mms_id=991037281823503811</subfield>
            <subfield code="9">Available</subfield>
            <subfield code="h">613680000000000027</subfield>
            <subfield code="8">53476693400003811</subfield>
          </datafield>
          <datafield tag="PRT" ind1=" " ind2=" ">
            <subfield code="i">61508713510003811</subfield>
            <subfield code="updated">2020-04-10 04:55:58</subfield>
            <subfield code="e">Ebook Central</subfield>
            <subfield code="c">Elibro via Ebook Central Premium</subfield>
            <subfield code="created">2020-04-10 04:55:12</subfield>
            <subfield code="j">62508713500003811</subfield>
            <subfield code="a">53513211980003811</subfield>
            <subfield code="b">https://sandbox01-na.alma.exlibrisgroup.com/view/uresolver/01TULI_INST/openurl?u.ignore_date_coverage=true&amp;rft.mms_id=991037281823503811</subfield>
            <subfield code="9">Available</subfield>
            <subfield code="h">613790000000001515</subfield>
            <subfield code="8">53513211980003811</subfield>
          </datafield>
        </record>
      </metadata>
    </record>