
    <record>
      <header>
        <identifier>oai:alma.01TULI_INST:991037281754003811</identifier>
        <datestamp>2021-01-05T21:53:18Z</datestamp>
        <setSpec>blacklight</setSpec>
      </header>
      <metadata>
        <record xmlns="http://www.loc.gov/MARC21/slim" xmlns:xsi="http://www.w3.org/2001/XMLSchema-instance" xsi:schemaLocation="http://www.loc.gov/MARC21/slim http://www.loc.gov/standards/marcxml/schema/MARC21slim.xsd">
          <leader>00983cam-a2200325z--4500</leader>
          <controlfield tag="001">991037281754003811</controlfield>
          <controlfield tag="005">20210104163055.0</controlfield>
          <controlfield tag="008">160829s2003    xx      o           eng d</controlfield>
          <datafield tag="020" ind1=" " ind2=" ">
            <subfield code="a">1-280-84372-1</subfield>
          </datafield>
          <datafield tag="020" ind1=" " ind2=" ">
            <subfield code="a">9786610843725</subfield>
          </datafield>
          <datafield tag="035" ind1=" " ind2=" ">
            <subfield code="a">(CKB)2430000000004774</subfield>
          </datafield>
          <datafield tag="035" ind1=" " ind2=" ">
            <subfield code="a">(SSID)ssj0000305663</subfield>
          </datafield>
          <datafield tag="035" ind1=" " ind2=" ">
            <subfield code="a">(PQKBManifestationID)12069213</subfield>
          </datafield>
          <datafield tag="035" ind1=" " ind2=" ">
            <subfield code="a">(PQKBTitleCode)TC0000305663</subfield>
          </datafield>
          <datafield tag="035" ind1=" " ind2=" ">
            <subfield code="a">(PQKBWorkID)10286354</subfield>
          </datafield>
          <datafield tag="035" ind1=" " ind2=" ">
            <subfield code="a">(PQKB)11367076</subfield>
          </datafield>
          <datafield tag="035" ind1=" " ind2=" ">
            <subfield code="a">(EXLCZ)992430000000004774</subfield>
          </datafield>
          <datafield tag="040" ind1=" " ind2=" ">
            <subfield code="a">PQKB</subfield>
          </datafield>
          <datafield tag="041" ind1=" " ind2=" ">
            <subfield code="a">eng</subfield>
          </datafield>
          <datafield tag="100" ind1=" " ind2=" ">
            <subfield code="a">Pausanias</subfield>
            <subfield code="e">Author</subfield>
          </datafield>
          <datafield tag="245" ind1="1" ind2="0">
            <subfield code="a">Pausanias: Travel and Memory in Roman Greece</subfield>
          </datafield>
          <datafield tag="264" ind1="3" ind2="1">
            <subfield code="a">[Place of publication not identified]</subfield>
            <subfield code="b">Oxford University Press Incorporated</subfield>
            <subfield code="c">2003</subfield>
          </datafield>
          <datafield tag="336" ind1=" " ind2=" ">
            <subfield code="a">text</subfield>
            <subfield code="b">txt</subfield>
          </datafield>
          <datafield tag="337" ind1=" " ind2=" ">
            <subfield code="a">computer</subfield>
            <subfield code="b">c</subfield>
          </datafield>
          <datafield tag="338" ind1=" " ind2=" ">
            <subfield code="a">online resource</subfield>
            <subfield code="b">cr</subfield>
          </datafield>
          <datafield tag="500" ind1=" " ind2=" ">
            <subfield code="a">Bibliographic Level Mode of Issuance: Monograph</subfield>
          </datafield>
          <datafield tag="546" ind1=" " ind2=" ">
            <subfield code="a">English</subfield>
          </datafield>
          <datafield tag="700" ind1=" " ind2=" ">
            <subfield code="a">Alcock, Susan E</subfield>
            <subfield code="e">Contributor</subfield>
          </datafield>
          <datafield tag="700" ind1=" " ind2=" ">
            <subfield code="a">Cherry, John F</subfield>
            <subfield code="e">Contributor</subfield>
          </datafield>
          <datafield tag="776" ind1=" " ind2=" ">
            <subfield code="z">0-19-517132-2</subfield>
          </datafield>
          <datafield tag="906" ind1=" " ind2=" ">
            <subfield code="a">BOOK</subfield>
          </datafield>
          <datafield tag="ADM" ind1=" " ind2=" ">
            <subfield code="b">2021-01-05 16:21:23</subfield>
            <subfield code="e">2430000000004774</subfield>
            <subfield code="d">PQNKB</subfield>
            <subfield code="f">20160803134623.0</subfield>
            <subfield code="a">2012-02-26 02:04:34</subfield>
            <subfield code="c">false</subfield>
          </datafield>
          <datafield tag="PRT" ind1=" " ind2=" ">
            <subfield code="i">61419889170003811</subfield>
            <subfield code="updated">2019-07-16 06:12:43</subfield>
            <subfield code="e">Ebook Central</subfield>
            <subfield code="c">Ebook Central Academic Complete</subfield>
            <subfield code="created">2019-07-16 06:12:42</subfield>
            <subfield code="j">62419889160003811</subfield>
            <subfield code="a">53470701370003811</subfield>
            <subfield code="b">https://sandbox01-na.alma.exlibrisgroup.com/view/uresolver/01TULI_INST/openurl?u.ignore_date_coverage=true&amp;rft.mms_id=991037281754003811</subfield>
            <subfield code="9">Available</subfield>
            <subfield code="h">614200000000000002</subfield>
            <subfield code="8">53470701370003811</subfield>
          </datafield>
        </record>
      </metadata>
    </record>