
    <record>
      <header>
        <identifier>oai:alma.01TULI_INST:991037281742003811</identifier>
        <datestamp>2021-01-05T21:53:05Z</datestamp>
        <setSpec>blacklight</setSpec>
      </header>
      <metadata>
        <record xmlns="http://www.loc.gov/MARC21/slim" xmlns:xsi="http://www.w3.org/2001/XMLSchema-instance" xsi:schemaLocation="http://www.loc.gov/MARC21/slim http://www.loc.gov/standards/marcxml/schema/MARC21slim.xsd">
          <leader>03716cam  2200661Ia 4500</leader>
          <controlfield tag="001">991037281742003811</controlfield>
          <controlfield tag="005">20200831160115.0</controlfield>
          <controlfield tag="006">m     o  d |      </controlfield>
          <controlfield tag="007">cr#-n---------</controlfield>
          <controlfield tag="008">080819s2009    enkab   ob    001 0 eng d</controlfield>
          <datafield tag="010" ind1=" " ind2=" ">
            <subfield code="z">  2008036724</subfield>
          </datafield>
          <datafield tag="020" ind1=" " ind2=" ">
            <subfield code="a">1-134-05387-8</subfield>
          </datafield>
          <datafield tag="020" ind1=" " ind2=" ">
            <subfield code="a">1-282-08437-2</subfield>
          </datafield>
          <datafield tag="020" ind1=" " ind2=" ">
            <subfield code="a">9786612084379</subfield>
          </datafield>
          <datafield tag="020" ind1=" " ind2=" ">
            <subfield code="a">0-203-88170-2</subfield>
          </datafield>
          <datafield tag="035" ind1=" " ind2=" ">
            <subfield code="a">(CKB)1000000000746852</subfield>
          </datafield>
          <datafield tag="035" ind1=" " ind2=" ">
            <subfield code="a">(EBL)425299</subfield>
          </datafield>
          <datafield tag="035" ind1=" " ind2=" ">
            <subfield code="a">(OCoLC)476265854</subfield>
          </datafield>
          <datafield tag="035" ind1=" " ind2=" ">
            <subfield code="a">(SSID)ssj0000121353</subfield>
          </datafield>
          <datafield tag="035" ind1=" " ind2=" ">
            <subfield code="a">(PQKBManifestationID)11141719</subfield>
          </datafield>
          <datafield tag="035" ind1=" " ind2=" ">
            <subfield code="a">(PQKBTitleCode)TC0000121353</subfield>
          </datafield>
          <datafield tag="035" ind1=" " ind2=" ">
            <subfield code="a">(PQKBWorkID)10092869</subfield>
          </datafield>
          <datafield tag="035" ind1=" " ind2=" ">
            <subfield code="a">(PQKB)10459752</subfield>
          </datafield>
          <datafield tag="035" ind1=" " ind2=" ">
            <subfield code="a">(MiAaPQ)EBC425299</subfield>
          </datafield>
          <datafield tag="035" ind1=" " ind2=" ">
            <subfield code="a">991000000000746852</subfield>
          </datafield>
          <datafield tag="035" ind1=" " ind2=" ">
            <subfield code="a">(EXLCZ)991000000000746852</subfield>
          </datafield>
          <datafield tag="040" ind1=" " ind2=" ">
            <subfield code="a">MiAaPQ</subfield>
            <subfield code="c">MiAaPQ</subfield>
            <subfield code="d">MiAaPQ</subfield>
          </datafield>
          <datafield tag="041" ind1=" " ind2=" ">
            <subfield code="a">eng</subfield>
          </datafield>
          <datafield tag="050" ind1=" " ind2="4">
            <subfield code="a">DS793.S62</subfield>
            <subfield code="b">C5273 2009</subfield>
          </datafield>
          <datafield tag="082" ind1="0" ind2="0">
            <subfield code="a">851.6</subfield>
            <subfield code="a">900</subfield>
          </datafield>
          <datafield tag="245" ind1="0" ind2="0">
            <subfield code="a">China, Xinjiang and Central Asia :</subfield>
            <subfield code="b">history, transition and crossborder interaction into the 21st century /</subfield>
            <subfield code="c">edited by Colin Mackerras and Michael Clarke.</subfield>
          </datafield>
          <datafield tag="260" ind1=" " ind2=" ">
            <subfield code="a">London ;</subfield>
            <subfield code="a">New York :</subfield>
            <subfield code="b">Routledge,</subfield>
            <subfield code="c">2009.</subfield>
          </datafield>
          <datafield tag="300" ind1=" " ind2=" ">
            <subfield code="a">1 online resource (209 p.)</subfield>
          </datafield>
          <datafield tag="336" ind1=" " ind2=" ">
            <subfield code="a">text</subfield>
            <subfield code="b">txt</subfield>
          </datafield>
          <datafield tag="337" ind1=" " ind2=" ">
            <subfield code="a">computer</subfield>
            <subfield code="b">c</subfield>
          </datafield>
          <datafield tag="338" ind1=" " ind2=" ">
            <subfield code="a">online resource</subfield>
            <subfield code="b">cr</subfield>
          </datafield>
          <datafield tag="490" ind1="1" ind2=" ">
            <subfield code="a">Routledge contemporary China series ;</subfield>
            <subfield code="v">38</subfield>
          </datafield>
          <datafield tag="500" ind1=" " ind2=" ">
            <subfield code="a">Description based upon print version of record.</subfield>
          </datafield>
          <datafield tag="505" ind1="0" ind2=" ">
            <subfield code="a">Book Cover; Title; Copyright; Contents; Figures and maps; List of contributors; Acknowledgements; List of abbreviations; 1 China, Xinjiang and Central Asia: 'Glocality' in the year 2008; 2 The 'centrality' of Central Asia in world history, 1700-2008: From pivot to periphery and back again?; 3 Positioning Xinjiang in Eurasian and Chinese history: Differing visions of the 'Silk Road'; 4 'Failed States' on the 'Perilous Frontier': Historical bases of state formation in Afghanistan and Central Asia; 5 Xinjiang and Central Asia: Interdependency - not integration</subfield>
          </datafield>
          <datafield tag="505" ind1="8" ind2=" ">
            <subfield code="a">6 Uyghurs in the Central Asian Republics: Past and present7 Xinjiang and Central Asia since 1990: Views from Beijing and Washington and Sino-American relations; 8 Central Asia's domestic stability in offcial Russian security thinking under Yeltsin and Putin: From hegemony to multilateral pragmatism; 9 'Glocality', 'Silk Roads' and new and little 'great games' in Xinjiang and Central Asia; Index</subfield>
          </datafield>
          <datafield tag="520" ind1=" " ind2=" ">
            <subfield code="a">Central Asia and Xinjiang - the far north-western province of China - are of increasing international importance. The United States, having established military bases in Central Asia after September 2001, has now become a force in what was previously predominantly a Russian sphere of influence; whilst China, Russia and Iran all continue to exert strong influence. These external, international influences have had a significant impact on local politics, with the overthrow of a long-standing regime in Kyrgyzstan, continued unrest and opposition to the current regime in Uzbekistan and the inten</subfield>
          </datafield>
          <datafield tag="546" ind1=" " ind2=" ">
            <subfield code="a">English</subfield>
          </datafield>
          <datafield tag="504" ind1=" " ind2=" ">
            <subfield code="a">Includes bibliographical references and index.</subfield>
          </datafield>
          <datafield tag="650" ind1=" " ind2="0">
            <subfield code="a">Uighur (Turkic people)</subfield>
            <subfield code="z">Asia, Central.</subfield>
          </datafield>
          <datafield tag="650" ind1=" " ind2="0">
            <subfield code="a">Uighur (Turkic people)</subfield>
            <subfield code="z">China</subfield>
            <subfield code="z">Xinjiang Uygur Zizhiqu.</subfield>
          </datafield>
          <datafield tag="651" ind1=" " ind2="0">
            <subfield code="a">Xinjiang Uygur Zizhiqu (China)</subfield>
            <subfield code="x">Relations</subfield>
            <subfield code="z">Asia, Central.</subfield>
          </datafield>
          <datafield tag="651" ind1=" " ind2="0">
            <subfield code="a">Asia, Central</subfield>
            <subfield code="x">Relations</subfield>
            <subfield code="z">China</subfield>
            <subfield code="z">Xinjiang Uygur Zizhiqu.</subfield>
          </datafield>
          <datafield tag="651" ind1=" " ind2="0">
            <subfield code="a">Asia, Central</subfield>
            <subfield code="x">History.</subfield>
          </datafield>
          <datafield tag="651" ind1=" " ind2="0">
            <subfield code="a">China</subfield>
            <subfield code="x">Politics and government</subfield>
            <subfield code="y">1976-2002.</subfield>
          </datafield>
          <datafield tag="655" ind1=" " ind2="4">
            <subfield code="a">Electronic books.</subfield>
          </datafield>
          <datafield tag="700" ind1="1" ind2=" ">
            <subfield code="a">Mackerras, Colin.</subfield>
          </datafield>
          <datafield tag="700" ind1="1" ind2=" ">
            <subfield code="a">Clarke, Michael.</subfield>
          </datafield>
          <datafield tag="776" ind1=" " ind2=" ">
            <subfield code="z">0-415-67333-X</subfield>
          </datafield>
          <datafield tag="776" ind1=" " ind2=" ">
            <subfield code="z">0-415-45317-8</subfield>
          </datafield>
          <datafield tag="830" ind1=" " ind2="0">
            <subfield code="a">Routledge contemporary China series ;</subfield>
            <subfield code="v">38.</subfield>
          </datafield>
          <datafield tag="904" ind1=" " ind2=" ">
            <subfield code="a">Taylor &amp; Francis</subfield>
          </datafield>
          <datafield tag="906" ind1=" " ind2=" ">
            <subfield code="a">BOOK</subfield>
          </datafield>
          <datafield tag="ADM" ind1=" " ind2=" ">
            <subfield code="b">2021-01-05 15:53:07</subfield>
            <subfield code="e">1000000000746852</subfield>
            <subfield code="d">EBC</subfield>
            <subfield code="a">2012-02-26 02:06:38</subfield>
            <subfield code="c">false</subfield>
          </datafield>
          <datafield tag="PRT" ind1=" " ind2=" ">
            <subfield code="i">61391921830003811</subfield>
            <subfield code="updated">2020-02-29 04:39:50</subfield>
            <subfield code="e">EBSCOhost</subfield>
            <subfield code="c">EBSCOhost Academic eBook Collection (North America)</subfield>
            <subfield code="created">2020-02-29 04:39:50</subfield>
            <subfield code="j">62391921820003811</subfield>
            <subfield code="a">53496293780003811</subfield>
            <subfield code="b">https://sandbox01-na.alma.exlibrisgroup.com/view/uresolver/01TULI_INST/openurl?u.ignore_date_coverage=true&amp;rft.mms_id=991037281742003811</subfield>
            <subfield code="9">Available</subfield>
            <subfield code="h">613640000000000029</subfield>
            <subfield code="8">53496293780003811</subfield>
          </datafield>
          <datafield tag="PRT" ind1=" " ind2=" ">
            <subfield code="i">61419889170003811</subfield>
            <subfield code="updated">2019-07-16 06:19:56</subfield>
            <subfield code="e">Ebook Central</subfield>
            <subfield code="c">Ebook Central Academic Complete</subfield>
            <subfield code="created">2019-07-16 06:19:56</subfield>
            <subfield code="j">62419889160003811</subfield>
            <subfield code="a">53470711970003811</subfield>
            <subfield code="b">https://sandbox01-na.alma.exlibrisgroup.com/view/uresolver/01TULI_INST/openurl?u.ignore_date_coverage=true&amp;rft.mms_id=991037281742003811</subfield>
            <subfield code="9">Available</subfield>
            <subfield code="h">614200000000000002</subfield>
            <subfield code="8">53470711970003811</subfield>
          </datafield>
        </record>
      </metadata>
    </record>