
    <record>
      <header>
        <identifier>oai:alma.01TULI_INST:991037282196103811</identifier>
        <datestamp>2021-01-05T21:52:56Z</datestamp>
        <setSpec>blacklight</setSpec>
      </header>
      <metadata>
        <record xmlns="http://www.loc.gov/MARC21/slim" xmlns:xsi="http://www.w3.org/2001/XMLSchema-instance" xsi:schemaLocation="http://www.loc.gov/MARC21/slim http://www.loc.gov/standards/marcxml/schema/MARC21slim.xsd">
          <leader>01569nam  2200373 i 4500</leader>
          <controlfield tag="001">991037282196103811</controlfield>
          <controlfield tag="005">20170822112006.0</controlfield>
          <controlfield tag="006">m     o  d |      </controlfield>
          <controlfield tag="007">cr -n---------</controlfield>
          <controlfield tag="008">150115t20152015enka    ob    001 0 eng d</controlfield>
          <datafield tag="020" ind1=" " ind2=" ">
            <subfield code="a">0-19-878372-8</subfield>
          </datafield>
          <datafield tag="020" ind1=" " ind2=" ">
            <subfield code="a">0-19-177324-7</subfield>
          </datafield>
          <datafield tag="020" ind1=" " ind2=" ">
            <subfield code="a">0-19-100922-9</subfield>
          </datafield>
          <datafield tag="035" ind1=" " ind2=" ">
            <subfield code="a">(CKB)3710000000320889</subfield>
          </datafield>
          <datafield tag="035" ind1=" " ind2=" ">
            <subfield code="a">(EBL)1903255</subfield>
          </datafield>
          <datafield tag="035" ind1=" " ind2=" ">
            <subfield code="a">(SSID)ssj0001434314</subfield>
          </datafield>
          <datafield tag="035" ind1=" " ind2=" ">
            <subfield code="a">(PQKBManifestationID)11908047</subfield>
          </datafield>
          <datafield tag="035" ind1=" " ind2=" ">
            <subfield code="a">(PQKBTitleCode)TC0001434314</subfield>
          </datafield>
          <datafield tag="035" ind1=" " ind2=" ">
            <subfield code="a">(PQKBWorkID)11426353</subfield>
          </datafield>
          <datafield tag="035" ind1=" " ind2=" ">
            <subfield code="a">(PQKB)10598300</subfield>
          </datafield>
          <datafield tag="035" ind1=" " ind2=" ">
            <subfield code="a">(StDuBDS)EDZ0001047778</subfield>
          </datafield>
          <datafield tag="035" ind1=" " ind2=" ">
            <subfield code="a">(MiAaPQ)EBC1903255</subfield>
          </datafield>
          <datafield tag="035" ind1=" " ind2=" ">
            <subfield code="a">(EXLCZ)993710000000320889</subfield>
          </datafield>
          <datafield tag="040" ind1=" " ind2=" ">
            <subfield code="a">MiAaPQ</subfield>
            <subfield code="b">eng</subfield>
            <subfield code="e">rda</subfield>
            <subfield code="e">pn</subfield>
            <subfield code="c">MiAaPQ</subfield>
            <subfield code="d">MiAaPQ</subfield>
          </datafield>
          <datafield tag="041" ind1=" " ind2=" ">
            <subfield code="a">eng</subfield>
          </datafield>
          <datafield tag="050" ind1=" " ind2="4">
            <subfield code="a">K486</subfield>
            <subfield code="b">.L433 2015</subfield>
          </datafield>
          <datafield tag="082" ind1="0" ind2="0">
            <subfield code="a">658.406</subfield>
          </datafield>
          <datafield tag="245" ind1="0" ind2="0">
            <subfield code="a">Leading sustainable change :</subfield>
            <subfield code="b">an organizational perspective /</subfield>
            <subfield code="c">edited by Rebecca Henderson, Ranjay Gulati, Michael Tushman.</subfield>
          </datafield>
          <datafield tag="250" ind1=" " ind2=" ">
            <subfield code="a">First edition.</subfield>
          </datafield>
          <datafield tag="264" ind1=" " ind2="1">
            <subfield code="a">Oxford :</subfield>
            <subfield code="b">Oxford University Press,</subfield>
            <subfield code="c">2015.</subfield>
          </datafield>
          <datafield tag="300" ind1=" " ind2=" ">
            <subfield code="a">1 online resource (396 p.)</subfield>
          </datafield>
          <datafield tag="336" ind1=" " ind2=" ">
            <subfield code="a">text</subfield>
            <subfield code="b">txt</subfield>
          </datafield>
          <datafield tag="337" ind1=" " ind2=" ">
            <subfield code="a">computer</subfield>
            <subfield code="b">c</subfield>
          </datafield>
          <datafield tag="338" ind1=" " ind2=" ">
            <subfield code="a">online resource</subfield>
            <subfield code="b">cr</subfield>
          </datafield>
          <datafield tag="500" ind1=" " ind2=" ">
            <subfield code="a">Description based upon print version of record.</subfield>
          </datafield>
          <datafield tag="505" ind1="0" ind2=" ">
            <subfield code="a">Cover; Leading Sustainable Change: An Organizational Perspective; Copyright; FOREWORD; The new world of business; The age of damage; Power has changed; The new model: doing good and doing well; The challenges for today's leaders; Key issues and how to overcome them; YOUR PURPOSE IS TO DRIVE PERFORMANCE; GET THE BOARD ON BOARD; HARNESS THE POWER OF YOUR PEOPLE; THINK YOUNG; LEAD BY EXAMPLE; From success to significance; CONTENTS; LIST OF FIGURES; LIST OF TABLES; LIST OF CONTRIBUTORS; Part I: Introduction; 1: Leading Sustainable Change: An Introduction; Introduction; THE ENVIRONMENTAL CHALLENGE</subfield>
          </datafield>
          <datafield tag="505" ind1="8" ind2=" ">
            <subfield code="a">IMPLICATIONS FOR THE PRIVATE SECTORTHE CHALLENGE OF BUILDING SUSTAINABLE ORGANIZATIONS; Plan of the book: chapter summaries; INTRODUCTION; THE BIG PICTURE; THE ROLE OF THE SENIOR TEAM; EXPLORING THE PROCESSES OF CHANGE; LEADING CHANGE IN THE BROADER SYSTEM; Conclusions to leading sustainable change; REFERENCES; 2: Making the Business Case for Environmental Sustainability; Investing in environmental sustainability: the case for current action; FORESTALLING RISK: PREVENTING BRAND DAMAGE AND/OR PRESERVING "LICENSE TO OPERATE"; INCREASING OPERATIONAL EFFICIENCY; SELLING TO THE ENVIRONMENT NICHE</subfield>
          </datafield>
          <datafield tag="505" ind1="8" ind2=" ">
            <subfield code="a">Building a business case in the face of uncertaintyAN EMERGING CONSUMER MOVEMENT?; POTENTIAL SHIFTS IN POLITICAL AND REGULATORY REGIMES; TECHNOLOGICAL RESPONSES; Scenario analysis: exploring the interaction between these trends; Implications for leading sustainable change; MANAGING THE STRATEGY PROCESS; ORGANIZATIONAL IMPLICATIONS; Conclusion; REFERENCES; Part II: The Big Picture; 3: Stumbling Towards Sustainability: Why Organizational Learning and Radical Innovation are Necessary to Build a More Sustainable World-But Not Sufficient; Sustainability as product-and-process improvement</subfield>
          </datafield>
          <datafield tag="505" ind1="8" ind2=" ">
            <subfield code="a">The capability trapRadical disruption: building new, sustainable industries; Overconsumption; ACKNOWLEDGMENT; REFERENCES; 4: From Periphery to Core: A Process Model for Embracing Sustainability; Introduction; The unfulfilled promise of sustainability; IDENTITY: HOW WE THINK ABOUT SUSTAINABILITY; STRATEGY: HOW WE PLAN FOR SUSTAINABILITY; ORGANIZATIONAL DESIGN: HOW WE ACT TOWARDS SUSTAINABILITY; IN SEARCH OF A HOLISTIC VIEW; From periphery to core: a process model to embrace sustainability; STAGE 1: IMAGINING; STAGE 2: EXPERIMENTING; STAGE 3: PLANNING; STAGE 4: CONSOLIDATING</subfield>
          </datafield>
          <datafield tag="505" ind1="8" ind2=" ">
            <subfield code="a">The Ford Motor Company: an illustrative caseIDENTITY: IMAGINING A SUSTAINABLE FORD; DESIGN: EXPERIMENTING WITH SUSTAINABLE PRACTICES; STRATEGY: PLANNING FOR SUSTAINABILITY; IDENTITY AND DESIGN: CONSOLIDATING SUSTAINABILITY AT FORD; BEYOND FUEL EFFICIENCY: IMAGINING AGAIN; Discussion and conclusion; ACKNOWLEDGMENTS; REFERENCES; 5: How Purpose-Based Companies Master Change for Sustainability:  A Systemic Approach to Global Social Change; Introduction; Purpose-based companies and the impetus for change; Action on goals: how organizations change</subfield>
          </datafield>
          <datafield tag="505" ind1="8" ind2=" ">
            <subfield code="a">The Change Wheel in motion: momentum for systemic change</subfield>
          </datafield>
          <datafield tag="520" ind1=" " ind2=" ">
            <subfield code="a">The business case for acting sustainably is becoming increasingly compelling - reducing our global footprint to sustainable levels is the defining issue of our times and it is one that can only be addressed with the active participation of the private sector. However, persuading well established organizations to act in new ways is never easy. This book is designed to support business leaders and organizational scholars who are grappling with this challenge by pulling together leading edge insights from some of the world's best researchers as to how organizational change in general - and sustai</subfield>
          </datafield>
          <datafield tag="546" ind1=" " ind2=" ">
            <subfield code="a">English</subfield>
          </datafield>
          <datafield tag="504" ind1=" " ind2=" ">
            <subfield code="a">Includes bibliographical references and index.</subfield>
          </datafield>
          <datafield tag="588" ind1=" " ind2=" ">
            <subfield code="a">Description based on print version record.</subfield>
          </datafield>
          <datafield tag="650" ind1=" " ind2="0">
            <subfield code="a">Sustainability.</subfield>
          </datafield>
          <datafield tag="650" ind1=" " ind2="0">
            <subfield code="a">Leadership.</subfield>
          </datafield>
          <datafield tag="650" ind1=" " ind2="0">
            <subfield code="a">Organizational change</subfield>
            <subfield code="x">Environmental aspects.</subfield>
          </datafield>
          <datafield tag="655" ind1=" " ind2="4">
            <subfield code="a">Electronic books.</subfield>
          </datafield>
          <datafield tag="700" ind1="1" ind2=" ">
            <subfield code="a">Henderson, Rebecca,</subfield>
            <subfield code="e">editor.</subfield>
          </datafield>
          <datafield tag="700" ind1="1" ind2=" ">
            <subfield code="a">Gulati, Ranjay,</subfield>
            <subfield code="e">editor.</subfield>
          </datafield>
          <datafield tag="700" ind1="1" ind2=" ">
            <subfield code="a">Tushman, Michael,</subfield>
            <subfield code="e">editor.</subfield>
          </datafield>
          <datafield tag="776" ind1=" " ind2=" ">
            <subfield code="z">1-336-01547-0</subfield>
          </datafield>
          <datafield tag="776" ind1=" " ind2=" ">
            <subfield code="z">0-19-870407-0</subfield>
          </datafield>
          <datafield tag="906" ind1=" " ind2=" ">
            <subfield code="a">BOOK</subfield>
          </datafield>
          <datafield tag="ADM" ind1=" " ind2=" ">
            <subfield code="b">2021-01-05 16:25:07</subfield>
            <subfield code="e">(CKB)3710000000320889</subfield>
            <subfield code="d">OUP</subfield>
            <subfield code="f">20151009143423.0</subfield>
            <subfield code="a">2014-12-14 02:51:12</subfield>
            <subfield code="c">false</subfield>
          </datafield>
          <datafield tag="PRT" ind1=" " ind2=" ">
            <subfield code="i">61391921830003811</subfield>
            <subfield code="updated">2019-07-16 07:48:28</subfield>
            <subfield code="e">EBSCOhost</subfield>
            <subfield code="c">EBSCOhost Academic eBook Collection (North America)</subfield>
            <subfield code="created">2019-07-16 07:48:28</subfield>
            <subfield code="j">62391921820003811</subfield>
            <subfield code="a">53470865270003811</subfield>
            <subfield code="b">https://sandbox01-na.alma.exlibrisgroup.com/view/uresolver/01TULI_INST/openurl?u.ignore_date_coverage=true&amp;rft.mms_id=991037282196103811</subfield>
            <subfield code="9">Available</subfield>
            <subfield code="h">613640000000000029</subfield>
            <subfield code="8">53470865270003811</subfield>
          </datafield>
        </record>
      </metadata>
    </record>