
    <record>
      <header>
        <identifier>oai:alma.01TULI_INST:991037282336603811</identifier>
        <datestamp>2021-01-06T09:57:03Z</datestamp>
        <setSpec>blacklight</setSpec>
      </header>
      <metadata>
        <record xmlns="http://www.loc.gov/MARC21/slim" xmlns:xsi="http://www.w3.org/2001/XMLSchema-instance" xsi:schemaLocation="http://www.loc.gov/MARC21/slim http://www.loc.gov/standards/marcxml/schema/MARC21slim.xsd">
          <leader>02953nam  2200493 i 4500</leader>
          <controlfield tag="001">991037282336603811</controlfield>
          <controlfield tag="005">20210104164025.0</controlfield>
          <controlfield tag="006">m     o  d |      </controlfield>
          <controlfield tag="007">cr#cnu||||||||</controlfield>
          <controlfield tag="008">170607s2017    enk     o     000 0 eng d</controlfield>
          <datafield tag="020" ind1=" " ind2=" ">
            <subfield code="a">9781443891844</subfield>
            <subfield code="q">(electronic bk.)</subfield>
          </datafield>
          <datafield tag="020" ind1=" " ind2=" ">
            <subfield code="a">1-4438-9184-3</subfield>
          </datafield>
          <datafield tag="035" ind1=" " ind2=" ">
            <subfield code="a">(CKB)3710000001365087</subfield>
          </datafield>
          <datafield tag="035" ind1=" " ind2=" ">
            <subfield code="a">(MiAaPQ)EBC4857967</subfield>
          </datafield>
          <datafield tag="035" ind1=" " ind2=" ">
            <subfield code="a">(EXLCZ)993710000001365087</subfield>
          </datafield>
          <datafield tag="040" ind1=" " ind2=" ">
            <subfield code="a">MiAaPQ</subfield>
            <subfield code="b">eng</subfield>
            <subfield code="e">rda</subfield>
            <subfield code="e">pn</subfield>
            <subfield code="c">MiAaPQ</subfield>
            <subfield code="d">MiAaPQ</subfield>
          </datafield>
          <datafield tag="041" ind1=" " ind2=" ">
            <subfield code="a">eng</subfield>
          </datafield>
          <datafield tag="043" ind1=" " ind2=" ">
            <subfield code="a">e------</subfield>
          </datafield>
          <datafield tag="050" ind1=" " ind2="4">
            <subfield code="a">JZ5588</subfield>
            <subfield code="b">.E976 2017</subfield>
          </datafield>
          <datafield tag="082" ind1="0" ind2=" ">
            <subfield code="a">355.033</subfield>
            <subfield code="2">23</subfield>
          </datafield>
          <datafield tag="084" ind1=" " ind2=" ">
            <subfield code="a">08.16</subfield>
            <subfield code="2">EP-CLASS</subfield>
          </datafield>
          <datafield tag="091" ind1=" " ind2=" ">
            <subfield code="a">BOOK</subfield>
          </datafield>
          <datafield tag="245" ind1="0" ind2="0">
            <subfield code="a">Europe's hybrid threats :</subfield>
            <subfield code="b">what kinds of power does the EU need in the 21st century? /</subfield>
            <subfield code="c">edited by Giray Sadık.</subfield>
          </datafield>
          <datafield tag="260" ind1=" " ind2=" ">
            <subfield code="a">Newcastle upon Tyne :</subfield>
            <subfield code="b">Cambridge Scholars Publishing,</subfield>
            <subfield code="c">2017.</subfield>
          </datafield>
          <datafield tag="300" ind1=" " ind2=" ">
            <subfield code="a">1 online resource (123 p.)</subfield>
          </datafield>
          <datafield tag="336" ind1=" " ind2=" ">
            <subfield code="a">text</subfield>
            <subfield code="2">rdacontent</subfield>
          </datafield>
          <datafield tag="337" ind1=" " ind2=" ">
            <subfield code="a">computer</subfield>
            <subfield code="2">rdamedia</subfield>
          </datafield>
          <datafield tag="338" ind1=" " ind2=" ">
            <subfield code="a">online resource</subfield>
            <subfield code="2">rdacarrier</subfield>
          </datafield>
          <datafield tag="504" ind1=" " ind2=" ">
            <subfield code="a">Includes bibliographical references</subfield>
          </datafield>
          <datafield tag="505" ind1="8" ind2=" ">
            <subfield code="a">Introduction: Hybrid Threats and European Security / Giray Sadık -- War in Ukraine and European Security: Reset, Reverse or Revoke? / Maria Raquel Freire -- Hybrid Threats and Justice and Home Affairs: The Case of Migration Policy / Zeynep Arkan-Tuncel -- The Visible and Invisible Story of the European Migrant Crisis / Hélène Cristini and Claudio Lanza -- The Strategic Consequences of Brexit: The Challenges of the Common European Security and Defence Policy in the Post-Brexit Era / Filiz Çoban -- Turkey and the EU: The Challenges of the Middle Eastern Crises / Kıvanç Ulusoy -- Conclusion: In Search of Hybrid Policy Implications / Giray Sadık</subfield>
          </datafield>
          <datafield tag="520" ind1=" " ind2=" ">
            <subfield code="a">Hybrid threats posed by various combinations of state and non-state actors have presented considerable transnational challenges to EU-members and NATO-allies. This ongoing rise of hybrid threats, ranging from political instability in Eastern Europe and the Middle East to the resulting mass refugee influx and terrorism in the European neighborhood, stress the need to timely discuss important questions about hybrid threats and the venues for effective Euro-Atlantic cooperation, including post-Brexit policy implications. This edited volume presents comprehensive analyses from various experts.</subfield>
          </datafield>
          <datafield tag="588" ind1=" " ind2=" ">
            <subfield code="a">Description based on online resource; title from PDF title page (ebrary, viewed June 7, 2017).</subfield>
          </datafield>
          <datafield tag="650" ind1=" " ind2="0">
            <subfield code="a">Security, International.</subfield>
          </datafield>
          <datafield tag="650" ind1=" " ind2="0">
            <subfield code="a">Security, International</subfield>
            <subfield code="x">Political aspects</subfield>
            <subfield code="z">European Union countries.</subfield>
          </datafield>
          <datafield tag="650" ind1=" " ind2="7">
            <subfield code="a">threat to national security</subfield>
            <subfield code="2">eurovoc</subfield>
            <subfield code="9">eng</subfield>
          </datafield>
          <datafield tag="650" ind1=" " ind2="7">
            <subfield code="a">common security and defence policy</subfield>
            <subfield code="2">eurovoc</subfield>
            <subfield code="9">eng</subfield>
          </datafield>
          <datafield tag="650" ind1=" " ind2="7">
            <subfield code="a">European Union</subfield>
            <subfield code="2">eurovoc</subfield>
            <subfield code="9">eng</subfield>
          </datafield>
          <datafield tag="650" ind1=" " ind2="7">
            <subfield code="a">regional security</subfield>
            <subfield code="2">eurovoc</subfield>
            <subfield code="9">eng</subfield>
          </datafield>
          <datafield tag="650" ind1=" " ind2="7">
            <subfield code="a">migration</subfield>
            <subfield code="2">eurovoc</subfield>
            <subfield code="9">eng</subfield>
          </datafield>
          <datafield tag="650" ind1=" " ind2="7">
            <subfield code="a">Ukraine</subfield>
            <subfield code="2">eurovoc</subfield>
            <subfield code="9">eng</subfield>
          </datafield>
          <datafield tag="650" ind1=" " ind2="7">
            <subfield code="a">Turkey</subfield>
            <subfield code="2">eurovoc</subfield>
            <subfield code="9">eng</subfield>
          </datafield>
          <datafield tag="655" ind1=" " ind2="4">
            <subfield code="a">Electronic books.</subfield>
          </datafield>
          <datafield tag="776" ind1=" " ind2=" ">
            <subfield code="z">1-4438-8179-1</subfield>
          </datafield>
          <datafield tag="700" ind1="1" ind2=" ">
            <subfield code="a">Sadık, Giray,</subfield>
            <subfield code="e">editor.</subfield>
          </datafield>
          <datafield tag="906" ind1=" " ind2=" ">
            <subfield code="a">BOOK</subfield>
          </datafield>
          <datafield tag="ADM" ind1=" " ind2=" ">
            <subfield code="b">2021-01-06 04:24:33</subfield>
            <subfield code="e">(CKB)3710000001365087</subfield>
            <subfield code="d">EBC</subfield>
            <subfield code="a">2017-06-03 14:18:26</subfield>
            <subfield code="c">false</subfield>
          </datafield>
          <datafield tag="PRT" ind1=" " ind2=" ">
            <subfield code="i">61391921830003811</subfield>
            <subfield code="updated">2019-07-17 04:15:48</subfield>
            <subfield code="e">EBSCOhost</subfield>
            <subfield code="c">EBSCOhost Academic eBook Collection (North America)</subfield>
            <subfield code="created">2019-07-17 04:15:48</subfield>
            <subfield code="j">62391921820003811</subfield>
            <subfield code="a">53470972690003811</subfield>
            <subfield code="b">https://sandbox01-na.alma.exlibrisgroup.com/view/uresolver/01TULI_INST/openurl?u.ignore_date_coverage=true&amp;rft.mms_id=991037282336603811</subfield>
            <subfield code="9">Available</subfield>
            <subfield code="h">613640000000000029</subfield>
            <subfield code="8">53470972690003811</subfield>
          </datafield>
          <datafield tag="PRT" ind1=" " ind2=" ">
            <subfield code="i">61419889170003811</subfield>
            <subfield code="updated">2020-02-22 16:07:48</subfield>
            <subfield code="e">Ebook Central</subfield>
            <subfield code="c">Ebook Central Academic Complete</subfield>
            <subfield code="created">2020-02-22 16:07:48</subfield>
            <subfield code="j">62419889160003811</subfield>
            <subfield code="a">53496032700003811</subfield>
            <subfield code="b">https://sandbox01-na.alma.exlibrisgroup.com/view/uresolver/01TULI_INST/openurl?u.ignore_date_coverage=true&amp;rft.mms_id=991037282336603811</subfield>
            <subfield code="9">Available</subfield>
            <subfield code="h">614200000000000002</subfield>
            <subfield code="8">53496032700003811</subfield>
          </datafield>
        </record>
      </metadata>
    </record>