
    <record>
      <header>
        <identifier>oai:alma.01TULI_INST:991037282296003811</identifier>
        <datestamp>2021-01-05T21:52:28Z</datestamp>
        <setSpec>blacklight</setSpec>
      </header>
      <metadata>
        <record xmlns="http://www.loc.gov/MARC21/slim" xmlns:xsi="http://www.w3.org/2001/XMLSchema-instance" xsi:schemaLocation="http://www.loc.gov/MARC21/slim http://www.loc.gov/standards/marcxml/schema/MARC21slim.xsd">
          <leader>03309nam  2200529 i 4500</leader>
          <controlfield tag="001">991037282296003811</controlfield>
          <controlfield tag="005">20190213222355.0</controlfield>
          <controlfield tag="006">m     o  d |      </controlfield>
          <controlfield tag="007">cr#-n---------</controlfield>
          <controlfield tag="008">150505s2015    nyu     ob    001 0 eng|d</controlfield>
          <datafield tag="020" ind1=" " ind2=" ">
            <subfield code="a">1-5013-0654-5</subfield>
          </datafield>
          <datafield tag="020" ind1=" " ind2=" ">
            <subfield code="a">1-5013-0652-9</subfield>
          </datafield>
          <datafield tag="035" ind1=" " ind2=" ">
            <subfield code="a">(CKB)3710000000437497</subfield>
          </datafield>
          <datafield tag="035" ind1=" " ind2=" ">
            <subfield code="a">(EBL)2077089</subfield>
          </datafield>
          <datafield tag="035" ind1=" " ind2=" ">
            <subfield code="a">(SSID)ssj0001515178</subfield>
          </datafield>
          <datafield tag="035" ind1=" " ind2=" ">
            <subfield code="a">(PQKBManifestationID)12532316</subfield>
          </datafield>
          <datafield tag="035" ind1=" " ind2=" ">
            <subfield code="a">(PQKBTitleCode)TC0001515178</subfield>
          </datafield>
          <datafield tag="035" ind1=" " ind2=" ">
            <subfield code="a">(PQKBWorkID)11481230</subfield>
          </datafield>
          <datafield tag="035" ind1=" " ind2=" ">
            <subfield code="a">(PQKB)11483937</subfield>
          </datafield>
          <datafield tag="035" ind1=" " ind2=" ">
            <subfield code="a">(MiAaPQ)EBC2077089</subfield>
          </datafield>
          <datafield tag="035" ind1=" " ind2=" ">
            <subfield code="a">(EXLCZ)993710000000437497</subfield>
          </datafield>
          <datafield tag="040" ind1=" " ind2=" ">
            <subfield code="a">MiAaPQ</subfield>
            <subfield code="b">eng</subfield>
            <subfield code="e">rda</subfield>
            <subfield code="e">pn</subfield>
            <subfield code="c">MiAaPQ</subfield>
            <subfield code="d">MiAaPQ</subfield>
          </datafield>
          <datafield tag="041" ind1=" " ind2=" ">
            <subfield code="a">eng</subfield>
          </datafield>
          <datafield tag="050" ind1=" " ind2="4">
            <subfield code="a">QA76.9.D343</subfield>
            <subfield code="b">C4785 2015</subfield>
          </datafield>
          <datafield tag="082" ind1="0" ind2="0">
            <subfield code="a">006.3</subfield>
            <subfield code="a">006.312</subfield>
          </datafield>
          <datafield tag="245" ind1="0" ind2="0">
            <subfield code="a">Compromised data</subfield>
            <subfield code="h">[electronic resource] :</subfield>
            <subfield code="b">from social media to big data /</subfield>
            <subfield code="c">edited by Ganaele Langlois, Joanna Redden and Greg Elmer.</subfield>
          </datafield>
          <datafield tag="264" ind1=" " ind2="1">
            <subfield code="a">New York, NY ;</subfield>
            <subfield code="a">London :</subfield>
            <subfield code="b">Bloomsbury Academic, an imprint of Bloomsbury Publishing, Inc.,</subfield>
            <subfield code="c">2015.</subfield>
          </datafield>
          <datafield tag="300" ind1=" " ind2=" ">
            <subfield code="a">1 online resource (297 p.)</subfield>
          </datafield>
          <datafield tag="336" ind1=" " ind2=" ">
            <subfield code="a">text</subfield>
            <subfield code="b">txt</subfield>
          </datafield>
          <datafield tag="337" ind1=" " ind2=" ">
            <subfield code="a">computer</subfield>
            <subfield code="b">c</subfield>
          </datafield>
          <datafield tag="338" ind1=" " ind2=" ">
            <subfield code="a">online resource</subfield>
            <subfield code="b">cr</subfield>
          </datafield>
          <datafield tag="500" ind1=" " ind2=" ">
            <subfield code="a">Description based upon print version of record.</subfield>
          </datafield>
          <datafield tag="520" ind1=" " ind2=" ">
            <subfield code="a">There has been a data rush in the past decade brought about by online communication and, in particular, social media (Facebook, Twitter, Youtube, among others), which promises a new age of digital enlightenment. But social data is compromised: it is being seized by specific economic interests, it leads to a fundamental shift in the relationship between research and the public good, and it fosters new forms of control and surveillance.  Compromised Data: From Social Media to Big Data explores how we perform critical research within a compromised social data framework. The expert, international</subfield>
          </datafield>
          <datafield tag="546" ind1=" " ind2=" ">
            <subfield code="a">English</subfield>
          </datafield>
          <datafield tag="504" ind1=" " ind2=" ">
            <subfield code="a">Includes bibliographical references and index.</subfield>
          </datafield>
          <datafield tag="505" ind1="0" ind2=" ">
            <subfield code="a">Big Data as System of Knowledge : Investigating Canadian Governance / Joanna Redden -- Data Mining Research and the Disintegration of Society : the "Project X" / Haren Riots Ingrid M. Hoofd -- Look at the Man Behind the Curtain : Computational Management in "Spontaneous" Citizen Political Campaigning / David Karpf -- Easy Data, Hard Data : The politics and pragmatics of Twitter research after the computational turn / Axel Bruns and Jean Burgess -- Scraping the First Person / Greg Elmer -- Open Data and its Enemies? : Digital Methods and Compromised Data / Fenwick McKelvey -- Critical Reverse Engineering : The Case of Twitter and TalkOpen / Robert Gehl -- Mapping Movements, Social Movement Research and Big Data : Critiques and Alternatives / Sky Croeser and Tim Highfield -- Data Activism / Alessandra Renzi and Ganaele Langlois -- A Contribution to the Political Economy of Personal Archives / Yuk Hui -- The Haunted Life of Data / Lisa Blackman.</subfield>
          </datafield>
          <datafield tag="588" ind1=" " ind2=" ">
            <subfield code="a">Description based on print version record.</subfield>
          </datafield>
          <datafield tag="650" ind1=" " ind2="0">
            <subfield code="a">Data mining</subfield>
            <subfield code="x">Social aspects.</subfield>
          </datafield>
          <datafield tag="650" ind1=" " ind2="0">
            <subfield code="a">Social media.</subfield>
          </datafield>
          <datafield tag="650" ind1=" " ind2="0">
            <subfield code="a">Online social networks.</subfield>
          </datafield>
          <datafield tag="650" ind1=" " ind2="0">
            <subfield code="a">Big data.</subfield>
          </datafield>
          <datafield tag="655" ind1=" " ind2="7">
            <subfield code="a">Electronic books.</subfield>
            <subfield code="2">lcgft</subfield>
          </datafield>
          <datafield tag="700" ind1="1" ind2=" ">
            <subfield code="a">Langlois, Ganaele,</subfield>
            <subfield code="e">editor.</subfield>
          </datafield>
          <datafield tag="700" ind1="1" ind2=" ">
            <subfield code="a">Redden, Joanna,</subfield>
            <subfield code="d">1975-</subfield>
            <subfield code="e">editor.</subfield>
          </datafield>
          <datafield tag="700" ind1="1" ind2=" ">
            <subfield code="a">Elmer, Greg,</subfield>
            <subfield code="d">1967-</subfield>
            <subfield code="e">editor.</subfield>
          </datafield>
          <datafield tag="776" ind1=" " ind2=" ">
            <subfield code="z">1-5013-0651-0</subfield>
          </datafield>
          <datafield tag="776" ind1=" " ind2=" ">
            <subfield code="z">1-5013-0650-2</subfield>
          </datafield>
          <datafield tag="906" ind1=" " ind2=" ">
            <subfield code="a">BOOK</subfield>
          </datafield>
          <datafield tag="ADM" ind1=" " ind2=" ">
            <subfield code="b">2021-01-05 16:30:26</subfield>
            <subfield code="e">(CKB)3710000000437497</subfield>
            <subfield code="d">EBC</subfield>
            <subfield code="a">2015-07-11 18:43:07</subfield>
            <subfield code="c">false</subfield>
          </datafield>
          <datafield tag="PRT" ind1=" " ind2=" ">
            <subfield code="i">61391921830003811</subfield>
            <subfield code="updated">2019-07-17 03:40:08</subfield>
            <subfield code="e">EBSCOhost</subfield>
            <subfield code="c">EBSCOhost Academic eBook Collection (North America)</subfield>
            <subfield code="created">2019-07-17 03:40:08</subfield>
            <subfield code="j">62391921820003811</subfield>
            <subfield code="a">53470881390003811</subfield>
            <subfield code="b">https://sandbox01-na.alma.exlibrisgroup.com/view/uresolver/01TULI_INST/openurl?u.ignore_date_coverage=true&amp;rft.mms_id=991037282296003811</subfield>
            <subfield code="9">Available</subfield>
            <subfield code="h">613640000000000029</subfield>
            <subfield code="8">53470881390003811</subfield>
          </datafield>
          <datafield tag="PRT" ind1=" " ind2=" ">
            <subfield code="i">61395691750003811</subfield>
            <subfield code="updated">2019-07-17 05:10:44</subfield>
            <subfield code="e">EBSCOhost</subfield>
            <subfield code="c">EBSCOhost eBook Community College Collection</subfield>
            <subfield code="created">2019-07-17 05:10:44</subfield>
            <subfield code="j">62395691740003811</subfield>
            <subfield code="a">53471104950003811</subfield>
            <subfield code="b">https://sandbox01-na.alma.exlibrisgroup.com/view/uresolver/01TULI_INST/openurl?u.ignore_date_coverage=true&amp;rft.mms_id=991037282296003811</subfield>
            <subfield code="9">Available</subfield>
            <subfield code="h">613860000000000003</subfield>
            <subfield code="8">53471104950003811</subfield>
          </datafield>
        </record>
      </metadata>
    </record>