
    <record>
      <header>
        <identifier>oai:alma.01TULI_INST:991037282368103811</identifier>
        <datestamp>2021-01-05T21:52:28Z</datestamp>
        <setSpec>blacklight</setSpec>
      </header>
      <metadata>
        <record xmlns="http://www.loc.gov/MARC21/slim" xmlns:xsi="http://www.w3.org/2001/XMLSchema-instance" xsi:schemaLocation="http://www.loc.gov/MARC21/slim http://www.loc.gov/standards/marcxml/schema/MARC21slim.xsd">
          <leader>01838nam  2200493 i 4500</leader>
          <controlfield tag="001">991037282368103811</controlfield>
          <controlfield tag="005">20200528181043.0</controlfield>
          <controlfield tag="006">m     o  d |      </controlfield>
          <controlfield tag="007">cr#cnu||||||||</controlfield>
          <controlfield tag="008">170123t20172017enk     ob    000 0 eng d</controlfield>
          <datafield tag="020" ind1=" " ind2=" ">
            <subfield code="a">1-4438-6934-1</subfield>
          </datafield>
          <datafield tag="035" ind1=" " ind2=" ">
            <subfield code="a">(CKB)3710000001010527</subfield>
          </datafield>
          <datafield tag="035" ind1=" " ind2=" ">
            <subfield code="a">(MiAaPQ)EBC4778780</subfield>
          </datafield>
          <datafield tag="035" ind1=" " ind2=" ">
            <subfield code="a">(EXLCZ)993710000001010527</subfield>
          </datafield>
          <datafield tag="040" ind1=" " ind2=" ">
            <subfield code="a">MiAaPQ</subfield>
            <subfield code="b">eng</subfield>
            <subfield code="e">rda</subfield>
            <subfield code="e">pn</subfield>
            <subfield code="c">MiAaPQ</subfield>
            <subfield code="d">MiAaPQ</subfield>
          </datafield>
          <datafield tag="041" ind1=" " ind2=" ">
            <subfield code="a">eng</subfield>
          </datafield>
          <datafield tag="050" ind1=" " ind2="4">
            <subfield code="a">QC981.8.C5</subfield>
            <subfield code="b">.U744 2017</subfield>
          </datafield>
          <datafield tag="082" ind1="0" ind2=" ">
            <subfield code="a">551.6</subfield>
            <subfield code="2">23</subfield>
          </datafield>
          <datafield tag="084" ind1=" " ind2=" ">
            <subfield code="a">52.08.04</subfield>
            <subfield code="2">EP-CLASS</subfield>
          </datafield>
          <datafield tag="091" ind1=" " ind2=" ">
            <subfield code="a">BOOK</subfield>
          </datafield>
          <datafield tag="245" ind1="0" ind2="4">
            <subfield code="a">The urgency of climate change :</subfield>
            <subfield code="b">pivotal perspectives /</subfield>
            <subfield code="c">edited by Gerard Magill and Kiarash Aramesh.</subfield>
          </datafield>
          <datafield tag="264" ind1=" " ind2="1">
            <subfield code="a">Newcastle upon Tyne :</subfield>
            <subfield code="b">Cambridge Scholars Publishing,</subfield>
            <subfield code="c">2017.</subfield>
          </datafield>
          <datafield tag="264" ind1=" " ind2="4">
            <subfield code="c">©2017</subfield>
          </datafield>
          <datafield tag="300" ind1=" " ind2=" ">
            <subfield code="a">1 online resource (538 pages)</subfield>
          </datafield>
          <datafield tag="336" ind1=" " ind2=" ">
            <subfield code="a">text</subfield>
            <subfield code="2">rdacontent</subfield>
          </datafield>
          <datafield tag="337" ind1=" " ind2=" ">
            <subfield code="a">computer</subfield>
            <subfield code="2">rdamedia</subfield>
          </datafield>
          <datafield tag="338" ind1=" " ind2=" ">
            <subfield code="a">online resource</subfield>
            <subfield code="2">rdacarrier</subfield>
          </datafield>
          <datafield tag="500" ind1=" " ind2=" ">
            <subfield code="a">"The inaugural conference held from September 30 to October 2, 2015 was Climate Change as an urgent concern regarding the Integrity of Creation."</subfield>
          </datafield>
          <datafield tag="504" ind1=" " ind2=" ">
            <subfield code="a">Includes bibliographical references.</subfield>
          </datafield>
          <datafield tag="588" ind1=" " ind2=" ">
            <subfield code="a">Description based on online resource; title from PDF title page (ebrary, viewed January 19, 2017).</subfield>
          </datafield>
          <datafield tag="650" ind1=" " ind2="0">
            <subfield code="a">Climatic changes</subfield>
            <subfield code="v">Congresses.</subfield>
          </datafield>
          <datafield tag="650" ind1=" " ind2="0">
            <subfield code="a">Climatic changes</subfield>
            <subfield code="x">Economic aspects</subfield>
            <subfield code="v">Congresses.</subfield>
          </datafield>
          <datafield tag="650" ind1=" " ind2="0">
            <subfield code="a">Climatic changes</subfield>
            <subfield code="x">Political aspects</subfield>
            <subfield code="v">Congresses.</subfield>
          </datafield>
          <datafield tag="650" ind1=" " ind2="7">
            <subfield code="a">climate change</subfield>
            <subfield code="9">eng</subfield>
            <subfield code="2">eurovoc</subfield>
          </datafield>
          <datafield tag="650" ind1=" " ind2="7">
            <subfield code="a">religion</subfield>
            <subfield code="9">eng</subfield>
            <subfield code="2">eurovoc</subfield>
          </datafield>
          <datafield tag="650" ind1=" " ind2="7">
            <subfield code="a">ethics</subfield>
            <subfield code="9">eng</subfield>
            <subfield code="2">eurovoc</subfield>
          </datafield>
          <datafield tag="650" ind1=" " ind2="7">
            <subfield code="a">sustainable development</subfield>
            <subfield code="9">eng</subfield>
            <subfield code="2">eurovoc</subfield>
          </datafield>
          <datafield tag="650" ind1=" " ind2="7">
            <subfield code="a">philosophy</subfield>
            <subfield code="9">eng</subfield>
            <subfield code="2">eurovoc</subfield>
          </datafield>
          <datafield tag="655" ind1=" " ind2="4">
            <subfield code="a">Electronic books.</subfield>
          </datafield>
          <datafield tag="700" ind1="1" ind2=" ">
            <subfield code="a">Magill, Gerard,</subfield>
            <subfield code="d">1951-</subfield>
            <subfield code="e">editor.</subfield>
          </datafield>
          <datafield tag="700" ind1="1" ind2=" ">
            <subfield code="a">Aramesh, Kiarash,</subfield>
            <subfield code="e">editor.</subfield>
          </datafield>
          <datafield tag="776" ind1=" " ind2=" ">
            <subfield code="z">1-4438-0137-2</subfield>
          </datafield>
          <datafield tag="906" ind1=" " ind2=" ">
            <subfield code="a">BOOK</subfield>
          </datafield>
          <datafield tag="ADM" ind1=" " ind2=" ">
            <subfield code="b">2021-01-05 16:35:06</subfield>
            <subfield code="e">(CKB)3710000001010527</subfield>
            <subfield code="d">EBC</subfield>
            <subfield code="a">2017-01-15 08:15:08</subfield>
            <subfield code="c">false</subfield>
          </datafield>
          <datafield tag="PRT" ind1=" " ind2=" ">
            <subfield code="i">61419889170003811</subfield>
            <subfield code="updated">2020-12-28 11:11:54</subfield>
            <subfield code="e">Ebook Central</subfield>
            <subfield code="c">Ebook Central Academic Complete</subfield>
            <subfield code="created">2020-12-28 11:11:54</subfield>
            <subfield code="j">62419889160003811</subfield>
            <subfield code="a">53541216240003811</subfield>
            <subfield code="b">https://sandbox01-na.alma.exlibrisgroup.com/view/uresolver/01TULI_INST/openurl?u.ignore_date_coverage=true&amp;rft.mms_id=991037282368103811</subfield>
            <subfield code="9">Available</subfield>
            <subfield code="h">614200000000000002</subfield>
            <subfield code="8">53541216240003811</subfield>
          </datafield>
          <datafield tag="PRT" ind1=" " ind2=" ">
            <subfield code="i">61391921830003811</subfield>
            <subfield code="updated">2019-07-17 04:10:39</subfield>
            <subfield code="e">EBSCOhost</subfield>
            <subfield code="c">EBSCOhost Academic eBook Collection (North America)</subfield>
            <subfield code="created">2019-07-17 04:10:39</subfield>
            <subfield code="j">62391921820003811</subfield>
            <subfield code="a">53470965000003811</subfield>
            <subfield code="b">https://sandbox01-na.alma.exlibrisgroup.com/view/uresolver/01TULI_INST/openurl?u.ignore_date_coverage=true&amp;rft.mms_id=991037282368103811</subfield>
            <subfield code="9">Available</subfield>
            <subfield code="h">613640000000000029</subfield>
            <subfield code="8">53470965000003811</subfield>
          </datafield>
        </record>
      </metadata>
    </record>