
    <record>
      <header>
        <identifier>oai:alma.01TULI_INST:991037282446303811</identifier>
        <datestamp>2021-01-06T09:57:05Z</datestamp>
        <setSpec>blacklight</setSpec>
      </header>
      <metadata>
        <record xmlns="http://www.loc.gov/MARC21/slim" xmlns:xsi="http://www.w3.org/2001/XMLSchema-instance" xsi:schemaLocation="http://www.loc.gov/MARC21/slim http://www.loc.gov/standards/marcxml/schema/MARC21slim.xsd">
          <leader>04695cam a2200553Ii 4500</leader>
          <controlfield tag="001">991037282446303811</controlfield>
          <controlfield tag="005">20210104163959.0</controlfield>
          <controlfield tag="006">m     o  d        </controlfield>
          <controlfield tag="007">cr#-n---------</controlfield>
          <controlfield tag="008">151116s2015    ne      ob    001 0 eng d</controlfield>
          <datafield tag="010" ind1=" " ind2=" ">
            <subfield code="a">  2015957528</subfield>
          </datafield>
          <datafield tag="020" ind1=" " ind2=" ">
            <subfield code="a">90-04-23141-2</subfield>
          </datafield>
          <datafield tag="024" ind1="7" ind2=" ">
            <subfield code="a">10.1163/9789004231412</subfield>
            <subfield code="2">DOI</subfield>
          </datafield>
          <datafield tag="035" ind1=" " ind2=" ">
            <subfield code="a">(CKB)3710000000526183</subfield>
          </datafield>
          <datafield tag="035" ind1=" " ind2=" ">
            <subfield code="a">(EBL)4397543</subfield>
          </datafield>
          <datafield tag="035" ind1=" " ind2=" ">
            <subfield code="a">(SSID)ssj0001622746</subfield>
          </datafield>
          <datafield tag="035" ind1=" " ind2=" ">
            <subfield code="a">(PQKBManifestationID)16359361</subfield>
          </datafield>
          <datafield tag="035" ind1=" " ind2=" ">
            <subfield code="a">(PQKBTitleCode)TC0001622746</subfield>
          </datafield>
          <datafield tag="035" ind1=" " ind2=" ">
            <subfield code="a">(PQKBWorkID)14928411</subfield>
          </datafield>
          <datafield tag="035" ind1=" " ind2=" ">
            <subfield code="a">(PQKB)10820064</subfield>
          </datafield>
          <datafield tag="035" ind1=" " ind2=" ">
            <subfield code="a">(MiAaPQ)EBC4397543</subfield>
          </datafield>
          <datafield tag="035" ind1=" " ind2=" ">
            <subfield code="a">(nllekb)BRILL9789004231412</subfield>
          </datafield>
          <datafield tag="035" ind1=" " ind2=" ">
            <subfield code="a">(EXLCZ)993710000000526183</subfield>
          </datafield>
          <datafield tag="040" ind1=" " ind2=" ">
            <subfield code="a">NL-LeKB</subfield>
            <subfield code="c">NL-LeKB</subfield>
            <subfield code="e">rda</subfield>
          </datafield>
          <datafield tag="041" ind1=" " ind2=" ">
            <subfield code="a">eng</subfield>
          </datafield>
          <datafield tag="050" ind1=" " ind2="4">
            <subfield code="a">KZ7000</subfield>
            <subfield code="b">.C76 2015</subfield>
          </datafield>
          <datafield tag="072" ind1=" " ind2="7">
            <subfield code="a">LBBZ</subfield>
            <subfield code="2">bicssc</subfield>
          </datafield>
          <datafield tag="072" ind1=" " ind2="7">
            <subfield code="a">LAW026000</subfield>
            <subfield code="2">bisacsh</subfield>
          </datafield>
          <datafield tag="082" ind1="0" ind2="0">
            <subfield code="a">341.48</subfield>
          </datafield>
          <datafield tag="100" ind1="1" ind2=" ">
            <subfield code="a">Croquet, Nicolas A. J.,</subfield>
            <subfield code="d">1978-</subfield>
          </datafield>
          <datafield tag="245" ind1="1" ind2="4">
            <subfield code="a">The role and extent of a proportionality analysis in the judicial assessment of human rights limitations within international criminal proceedings /</subfield>
            <subfield code="c">by Nicolas A.J. Croquet.</subfield>
          </datafield>
          <datafield tag="264" ind1=" " ind2="1">
            <subfield code="a">Leiden :</subfield>
            <subfield code="b">Koninklijke Brill NV,</subfield>
            <subfield code="c">[2015]</subfield>
          </datafield>
          <datafield tag="300" ind1=" " ind2=" ">
            <subfield code="a">1 online resource (435 p.)</subfield>
          </datafield>
          <datafield tag="336" ind1=" " ind2=" ">
            <subfield code="a">text</subfield>
            <subfield code="b">txt</subfield>
          </datafield>
          <datafield tag="337" ind1=" " ind2=" ">
            <subfield code="a">computer</subfield>
            <subfield code="b">c</subfield>
          </datafield>
          <datafield tag="338" ind1=" " ind2=" ">
            <subfield code="a">online resource</subfield>
            <subfield code="b">cr</subfield>
          </datafield>
          <datafield tag="500" ind1=" " ind2=" ">
            <subfield code="a">Description based upon print version of record.</subfield>
          </datafield>
          <datafield tag="546" ind1=" " ind2=" ">
            <subfield code="a">English</subfield>
          </datafield>
          <datafield tag="504" ind1=" " ind2=" ">
            <subfield code="a">Includes bibliographical references (p. 375-387) and index.</subfield>
          </datafield>
          <datafield tag="505" ind1="0" ind2="0">
            <subfield code="t">Preliminary Material /</subfield>
            <subfield code="r">Nicolas A. J. Croquet -- </subfield>
            <subfield code="t">Introduction: Purpose, Methodology and Scope of the Monograph /</subfield>
            <subfield code="r">Nicolas A. J. Croquet -- </subfield>
            <subfield code="t">Conceptual Tools for Assessing Limitations upon the Exercise of Human Rights /</subfield>
            <subfield code="r">Nicolas A. J. Croquet -- </subfield>
            <subfield code="t">Institutional and Regulatory Context Underpinning the International Criminal Courts’ Human Rights Limitation Analyses /</subfield>
            <subfield code="r">Nicolas A. J. Croquet -- </subfield>
            <subfield code="t">Formation of a Generic Justificatory Framework for Assessing External Limits upon any Fundamental Right or Defence Right /</subfield>
            <subfield code="r">Nicolas A. J. Croquet -- </subfield>
            <subfield code="t">Implied External Limits on the Right to Self-Representation through the Assignment of Defence Counsel and of Standby Counsel /</subfield>
            <subfield code="r">Nicolas A. J. Croquet -- </subfield>
            <subfield code="t">Implied External Limits on the Right to Cross-Examination through Absolute Witness Anonymity and Rolling Disclosure Measures /</subfield>
            <subfield code="r">Nicolas A. J. Croquet -- </subfield>
            <subfield code="t">Implied External Limits upon the Accused’s Rights to Efffective Participation in his Trial and to be Presumed Innocent /</subfield>
            <subfield code="r">Nicolas A. J. Croquet -- </subfield>
            <subfield code="t">Incidental Implied External Limits Placed upon Substantive Human Rights: The Rights to Freedom of Expression and to Privacy /</subfield>
            <subfield code="r">Nicolas A. J. Croquet -- </subfield>
            <subfield code="t">Implied Internal Limit Placed on the Right of Silence and Judicial Refusal to Place Any Implied Limits on the Right Not to Self-Incriminate /</subfield>
            <subfield code="r">Nicolas A. J. Croquet -- </subfield>
            <subfield code="t">General Conclusions /</subfield>
            <subfield code="r">Nicolas A. J. Croquet -- </subfield>
            <subfield code="t">Bibliography /</subfield>
            <subfield code="r">Nicolas A. J. Croquet -- </subfield>
            <subfield code="t">Index /</subfield>
            <subfield code="r">Nicolas A. J. Croquet.</subfield>
          </datafield>
          <datafield tag="520" ind1=" " ind2=" ">
            <subfield code="a">The aim of this monograph is to analyze how the International Criminal Tribunal for the former Yugoslavia, the International Criminal Tribunal for Rwanda and the International Criminal Court have resorted to proportionality and other limitation techniques when placing implied external limits upon the exercise of substantive and procedural human rights enjoyed by the accused and other actors affected by international criminal proceedings. Implied external limits in this context are defined as those limits that override the exercise of a human right on public interest grounds or on grounds relating to competing human rights and that either fall outside the scope of a limitation/qualification clause of an international criminal court's internal legal instruments or go beyond its express and ordinary terms. The present monograph will point to various sources of legal uncertainty which international criminal courts have generated in the limitation process of those human rights relevant to international criminal proceedings and to the definition of international crimes. The monograph will examine the relation between human rights, limitations on human rights standards and proportionality under international criminal procedural law and international criminal law (understood substantively) in light of the limitation and proportionality practices of international human rights monitoring bodies.</subfield>
          </datafield>
          <datafield tag="650" ind1=" " ind2="0">
            <subfield code="a">International criminal law.</subfield>
          </datafield>
          <datafield tag="650" ind1=" " ind2="0">
            <subfield code="a">Proportionality in law.</subfield>
          </datafield>
          <datafield tag="650" ind1=" " ind2="0">
            <subfield code="a">International law and human rights.</subfield>
          </datafield>
          <datafield tag="650" ind1=" " ind2="7">
            <subfield code="a">International criminal law.</subfield>
            <subfield code="2">fast</subfield>
          </datafield>
          <datafield tag="650" ind1=" " ind2="7">
            <subfield code="a">International law and human rights.</subfield>
            <subfield code="2">fast</subfield>
          </datafield>
          <datafield tag="650" ind1=" " ind2="7">
            <subfield code="a">Proportionality in law.</subfield>
            <subfield code="2">fast</subfield>
          </datafield>
          <datafield tag="655" ind1=" " ind2="4">
            <subfield code="a">Electronic books.</subfield>
          </datafield>
          <datafield tag="776" ind1=" " ind2=" ">
            <subfield code="z">90-04-23142-0</subfield>
          </datafield>
          <datafield tag="906" ind1=" " ind2=" ">
            <subfield code="a">BOOK</subfield>
          </datafield>
          <datafield tag="ADM" ind1=" " ind2=" ">
            <subfield code="b">2021-01-06 04:21:57</subfield>
            <subfield code="e">(CKB)3710000000526183</subfield>
            <subfield code="d">EBC</subfield>
            <subfield code="a">2015-12-12 15:57:58</subfield>
            <subfield code="c">false</subfield>
          </datafield>
          <datafield tag="PRT" ind1=" " ind2=" ">
            <subfield code="i">61391921830003811</subfield>
            <subfield code="updated">2019-07-17 04:31:11</subfield>
            <subfield code="e">EBSCOhost</subfield>
            <subfield code="c">EBSCOhost Academic eBook Collection (North America)</subfield>
            <subfield code="created">2019-07-17 04:31:11</subfield>
            <subfield code="j">62391921820003811</subfield>
            <subfield code="a">53471016220003811</subfield>
            <subfield code="b">https://sandbox01-na.alma.exlibrisgroup.com/view/uresolver/01TULI_INST/openurl?u.ignore_date_coverage=true&amp;rft.mms_id=991037282446303811</subfield>
            <subfield code="9">Available</subfield>
            <subfield code="h">613640000000000029</subfield>
            <subfield code="8">53471016220003811</subfield>
          </datafield>
        </record>
      </metadata>
    </record>