
    <record>
      <header>
        <identifier>oai:alma.01TULI_INST:991037282424403811</identifier>
        <datestamp>2021-01-06T09:57:01Z</datestamp>
        <setSpec>blacklight</setSpec>
      </header>
      <metadata>
        <record xmlns="http://www.loc.gov/MARC21/slim" xmlns:xsi="http://www.w3.org/2001/XMLSchema-instance" xsi:schemaLocation="http://www.loc.gov/MARC21/slim http://www.loc.gov/standards/marcxml/schema/MARC21slim.xsd">
          <leader>03133cam a2200481Ii 4500</leader>
          <controlfield tag="001">991037282424403811</controlfield>
          <controlfield tag="005">20210104164003.0</controlfield>
          <controlfield tag="006">m     o  d        </controlfield>
          <controlfield tag="007">cr#cnu||||||||</controlfield>
          <controlfield tag="008">160112s2016    ne      o     000 0 eng d</controlfield>
          <datafield tag="020" ind1=" " ind2=" ">
            <subfield code="a">90-04-28877-5</subfield>
          </datafield>
          <datafield tag="024" ind1="7" ind2=" ">
            <subfield code="a">10.1163/9789004288775</subfield>
            <subfield code="2">DOI</subfield>
          </datafield>
          <datafield tag="035" ind1=" " ind2=" ">
            <subfield code="a">(CKB)3710000000506308</subfield>
          </datafield>
          <datafield tag="035" ind1=" " ind2=" ">
            <subfield code="a">(SSID)ssj0001634949</subfield>
          </datafield>
          <datafield tag="035" ind1=" " ind2=" ">
            <subfield code="a">(PQKBManifestationID)16388135</subfield>
          </datafield>
          <datafield tag="035" ind1=" " ind2=" ">
            <subfield code="a">(PQKBTitleCode)TC0001634949</subfield>
          </datafield>
          <datafield tag="035" ind1=" " ind2=" ">
            <subfield code="a">(PQKBWorkID)14946730</subfield>
          </datafield>
          <datafield tag="035" ind1=" " ind2=" ">
            <subfield code="a">(PQKB)10893315</subfield>
          </datafield>
          <datafield tag="035" ind1=" " ind2=" ">
            <subfield code="a">(MiAaPQ)EBC4452160</subfield>
          </datafield>
          <datafield tag="035" ind1=" " ind2=" ">
            <subfield code="a">(nllekb)BRILL9789004288775</subfield>
          </datafield>
          <datafield tag="035" ind1=" " ind2=" ">
            <subfield code="a">(EXLCZ)993710000000506308</subfield>
          </datafield>
          <datafield tag="040" ind1=" " ind2=" ">
            <subfield code="a">NL-LeKB</subfield>
            <subfield code="c">NL-LeKB</subfield>
            <subfield code="e">rda</subfield>
          </datafield>
          <datafield tag="041" ind1=" " ind2=" ">
            <subfield code="a">eng</subfield>
          </datafield>
          <datafield tag="050" ind1=" " ind2="4">
            <subfield code="a">K3242</subfield>
          </datafield>
          <datafield tag="072" ind1=" " ind2="7">
            <subfield code="a">LBBR</subfield>
            <subfield code="2">bicssc</subfield>
          </datafield>
          <datafield tag="072" ind1=" " ind2="7">
            <subfield code="a">POL035010</subfield>
            <subfield code="2">bisacsh</subfield>
          </datafield>
          <datafield tag="082" ind1=" " ind2=" ">
            <subfield code="a">323</subfield>
          </datafield>
          <datafield tag="100" ind1="1" ind2=" ">
            <subfield code="a">McDougall, Gay J.</subfield>
          </datafield>
          <datafield tag="245" ind1="1" ind2="4">
            <subfield code="a">The first United Nations Mandate on minority issues /</subfield>
            <subfield code="c">Gay J. McDougall.</subfield>
          </datafield>
          <datafield tag="264" ind1=" " ind2="1">
            <subfield code="a">Leiden :</subfield>
            <subfield code="b">Brill / Martinus Nijhoff,</subfield>
            <subfield code="c">2016.</subfield>
          </datafield>
          <datafield tag="300" ind1=" " ind2=" ">
            <subfield code="a">1 online resource (387 pages).</subfield>
          </datafield>
          <datafield tag="336" ind1=" " ind2=" ">
            <subfield code="a">text</subfield>
            <subfield code="b">txt</subfield>
          </datafield>
          <datafield tag="337" ind1=" " ind2=" ">
            <subfield code="a">computer</subfield>
            <subfield code="b">c</subfield>
          </datafield>
          <datafield tag="338" ind1=" " ind2=" ">
            <subfield code="a">online resource</subfield>
            <subfield code="b">cr</subfield>
          </datafield>
          <datafield tag="490" ind1="1" ind2=" ">
            <subfield code="a">Studies in International Minority and Group Rights ;</subfield>
            <subfield code="v">10</subfield>
          </datafield>
          <datafield tag="500" ind1=" " ind2=" ">
            <subfield code="a">Bibliographic Level Mode of Issuance: Monograph</subfield>
          </datafield>
          <datafield tag="546" ind1=" " ind2=" ">
            <subfield code="a">English</subfield>
          </datafield>
          <datafield tag="505" ind1="0" ind2="0">
            <subfield code="t">Preliminary Material /</subfield>
            <subfield code="r">Gay McDougall -- </subfield>
            <subfield code="t">The First Mandate: Experiences and Lessons Learned /</subfield>
            <subfield code="r">Gay McDougall -- </subfield>
            <subfield code="t">Mission to Bulgaria (2011) /</subfield>
            <subfield code="r">Gay McDougall -- </subfield>
            <subfield code="t">Mission to Colombia (2011) /</subfield>
            <subfield code="r">Gay McDougall -- </subfield>
            <subfield code="t">Mission to Dominican Republic (2007) /</subfield>
            <subfield code="r">Gay McDougall -- </subfield>
            <subfield code="t">Mission to Ethiopia (2006) /</subfield>
            <subfield code="r">Gay McDougall -- </subfield>
            <subfield code="t">Mission to France (2008) /</subfield>
            <subfield code="r">Gay McDougall -- </subfield>
            <subfield code="t">Mission to Greece (2008) /</subfield>
            <subfield code="r">Gay McDougall -- </subfield>
            <subfield code="t">Mission to Viet Nam (2010) /</subfield>
            <subfield code="r">Gay McDougall -- </subfield>
            <subfield code="t">Achieving the Millennium Development Goals (MDGs) for Minorities: A Review of MDG Country Reports and Poverty Reduction Strategies (2007) /</subfield>
            <subfield code="r">Gay McDougall -- </subfield>
            <subfield code="t">Minorities and the Discriminatory Denial or Deprivation of Citizenship (2007) /</subfield>
            <subfield code="r">Gay McDougall -- </subfield>
            <subfield code="t">Minority Rights and Conflict Prevention (2010) /</subfield>
            <subfield code="r">Gay McDougall -- </subfield>
            <subfield code="t">Recommendations from the UN Forum on Minority Issues: The Right to Equal Access to Quality Education (2008) /</subfield>
            <subfield code="r">Gay McDougall.</subfield>
          </datafield>
          <datafield tag="520" ind1=" " ind2=" ">
            <subfield code="a">Across the world, ethnic, religious and linguistic minorities are subjected to hate crimes, systematic discrimination and marginalization. Religious minorities have recently faced particular threat in certain regions, while in other parts of the globe identity based on race or ethnicity has been used as a basis for exclusion. In The First United Nations Mandate on Minority Issues , Gay McDougall curates a selection of reports she produced as UN Independent Expert on Minority Issues. The collection, with her introductory analysis, reveals the challenges and opportunities faced in her attempt to highlight the plight of these oppressed communities around the world and to shape an important new mechanism for the UN’s protection of their rights.</subfield>
          </datafield>
          <datafield tag="650" ind1=" " ind2="0">
            <subfield code="a">Minorities</subfield>
            <subfield code="x">Civil rights.</subfield>
          </datafield>
          <datafield tag="655" ind1=" " ind2="4">
            <subfield code="a">Electronic books.</subfield>
          </datafield>
          <datafield tag="776" ind1=" " ind2=" ">
            <subfield code="z">90-04-28876-7</subfield>
          </datafield>
          <datafield tag="830" ind1=" " ind2="0">
            <subfield code="a">Studies in International Minority and Group Rights</subfield>
            <subfield code="v">10.</subfield>
          </datafield>
          <datafield tag="906" ind1=" " ind2=" ">
            <subfield code="a">BOOK</subfield>
          </datafield>
          <datafield tag="ADM" ind1=" " ind2=" ">
            <subfield code="b">2021-01-06 04:22:21</subfield>
            <subfield code="e">(CKB)3710000000506308</subfield>
            <subfield code="d">EBC</subfield>
            <subfield code="a">2015-11-22 12:16:40</subfield>
            <subfield code="c">false</subfield>
          </datafield>
          <datafield tag="PRT" ind1=" " ind2=" ">
            <subfield code="i">61419889170003811</subfield>
            <subfield code="updated">2020-12-28 10:59:33</subfield>
            <subfield code="e">Ebook Central</subfield>
            <subfield code="c">Ebook Central Academic Complete</subfield>
            <subfield code="created">2020-12-28 10:59:32</subfield>
            <subfield code="j">62419889160003811</subfield>
            <subfield code="a">53541209550003811</subfield>
            <subfield code="b">https://sandbox01-na.alma.exlibrisgroup.com/view/uresolver/01TULI_INST/openurl?u.ignore_date_coverage=true&amp;rft.mms_id=991037282424403811</subfield>
            <subfield code="9">Available</subfield>
            <subfield code="h">614200000000000002</subfield>
            <subfield code="8">53541209550003811</subfield>
          </datafield>
          <datafield tag="PRT" ind1=" " ind2=" ">
            <subfield code="i">61391921830003811</subfield>
            <subfield code="updated">2019-07-17 04:35:58</subfield>
            <subfield code="e">EBSCOhost</subfield>
            <subfield code="c">EBSCOhost Academic eBook Collection (North America)</subfield>
            <subfield code="created">2019-07-17 04:35:58</subfield>
            <subfield code="j">62391921820003811</subfield>
            <subfield code="a">53471025030003811</subfield>
            <subfield code="b">https://sandbox01-na.alma.exlibrisgroup.com/view/uresolver/01TULI_INST/openurl?u.ignore_date_coverage=true&amp;rft.mms_id=991037282424403811</subfield>
            <subfield code="9">Available</subfield>
            <subfield code="h">613640000000000029</subfield>
            <subfield code="8">53471025030003811</subfield>
          </datafield>
        </record>
      </metadata>
    </record>