
    <record>
      <header>
        <identifier>oai:alma.01TULI_INST:991037282423903811</identifier>
        <datestamp>2021-01-05T21:52:27Z</datestamp>
        <setSpec>blacklight</setSpec>
      </header>
      <metadata>
        <record xmlns="http://www.loc.gov/MARC21/slim" xmlns:xsi="http://www.w3.org/2001/XMLSchema-instance" xsi:schemaLocation="http://www.loc.gov/MARC21/slim http://www.loc.gov/standards/marcxml/schema/MARC21slim.xsd">
          <leader>01936nam  2200397 i 4500</leader>
          <controlfield tag="001">991037282423903811</controlfield>
          <controlfield tag="005">20191021180817.0</controlfield>
          <controlfield tag="006">m     o  d |      </controlfield>
          <controlfield tag="007">cr#cnu||||||||</controlfield>
          <controlfield tag="008">161212t20162016ne a    o     001 0 eng d</controlfield>
          <datafield tag="020" ind1=" " ind2=" ">
            <subfield code="a">90-04-31439-3</subfield>
          </datafield>
          <datafield tag="024" ind1="7" ind2=" ">
            <subfield code="a">10.1163/9789004314399</subfield>
            <subfield code="2">DOI</subfield>
          </datafield>
          <datafield tag="035" ind1=" " ind2=" ">
            <subfield code="a">(CKB)3710000000749634</subfield>
          </datafield>
          <datafield tag="035" ind1=" " ind2=" ">
            <subfield code="a">(PQKBManifestationID)16463889</subfield>
          </datafield>
          <datafield tag="035" ind1=" " ind2=" ">
            <subfield code="a">(PQKBWorkID)15008353</subfield>
          </datafield>
          <datafield tag="035" ind1=" " ind2=" ">
            <subfield code="a">(PQKB)22624076</subfield>
          </datafield>
          <datafield tag="035" ind1=" " ind2=" ">
            <subfield code="a">(MiAaPQ)EBC4750838</subfield>
          </datafield>
          <datafield tag="035" ind1=" " ind2=" ">
            <subfield code="a">(nllekb)BRILL9789004314399</subfield>
          </datafield>
          <datafield tag="035" ind1=" " ind2=" ">
            <subfield code="a">(EXLCZ)993710000000749634</subfield>
          </datafield>
          <datafield tag="040" ind1=" " ind2=" ">
            <subfield code="a">MiAaPQ</subfield>
            <subfield code="b">eng</subfield>
            <subfield code="e">rda</subfield>
            <subfield code="e">pn</subfield>
            <subfield code="c">MiAaPQ</subfield>
            <subfield code="d">MiAaPQ</subfield>
          </datafield>
          <datafield tag="041" ind1=" " ind2=" ">
            <subfield code="a">eng</subfield>
          </datafield>
          <datafield tag="043" ind1=" " ind2=" ">
            <subfield code="a">r------</subfield>
          </datafield>
          <datafield tag="050" ind1=" " ind2="4">
            <subfield code="a">K3247</subfield>
            <subfield code="b">.U53 2016</subfield>
          </datafield>
          <datafield tag="072" ind1=" " ind2="7">
            <subfield code="a">LB</subfield>
            <subfield code="2">bicssc</subfield>
          </datafield>
          <datafield tag="072" ind1=" " ind2="7">
            <subfield code="a">LAW051000</subfield>
            <subfield code="2">bisacsh</subfield>
          </datafield>
          <datafield tag="082" ind1="0" ind2=" ">
            <subfield code="a">342.08/7209113</subfield>
            <subfield code="2">23</subfield>
          </datafield>
          <datafield tag="245" ind1="0" ind2="0">
            <subfield code="a">Understanding the many faces of human security :</subfield>
            <subfield code="b">perspectives of northern indigenous peoples /</subfield>
            <subfield code="c">edited by Kamrul Hossain, Anna Petretei.</subfield>
          </datafield>
          <datafield tag="264" ind1=" " ind2="1">
            <subfield code="a">Leiden, Netherlands ;</subfield>
            <subfield code="a">Boston, [Massachusetts] :</subfield>
            <subfield code="b">Brill Nijhoff,</subfield>
            <subfield code="c">2016.</subfield>
          </datafield>
          <datafield tag="264" ind1=" " ind2="4">
            <subfield code="c">©2016</subfield>
          </datafield>
          <datafield tag="300" ind1=" " ind2=" ">
            <subfield code="a">1 online resource (274 pages) :</subfield>
            <subfield code="b">illustrations.</subfield>
          </datafield>
          <datafield tag="336" ind1=" " ind2=" ">
            <subfield code="a">text</subfield>
            <subfield code="b">txt</subfield>
          </datafield>
          <datafield tag="337" ind1=" " ind2=" ">
            <subfield code="a">computer</subfield>
            <subfield code="b">c</subfield>
          </datafield>
          <datafield tag="338" ind1=" " ind2=" ">
            <subfield code="a">online resource</subfield>
            <subfield code="b">cr</subfield>
          </datafield>
          <datafield tag="490" ind1="1" ind2=" ">
            <subfield code="a">Studies in International Minority and Group Rights,</subfield>
            <subfield code="x">2210-2132 ;</subfield>
            <subfield code="v">Volume 13</subfield>
          </datafield>
          <datafield tag="546" ind1=" " ind2=" ">
            <subfield code="a">English</subfield>
          </datafield>
          <datafield tag="520" ind1=" " ind2=" ">
            <subfield code="a">Understanding the Many Faces of Human Security: Perspectives of Northern Indigenous Peoples addresses the different aspects of the human security challenges threatening Northern indigenous peoples. These peoples, whose unique, nature-based livelihoods maintain their identity, face difficulties linked to a changing natural and social environment. Their traditional worldviews are challenged as the world they have known for generations is literally melting away. The North experiences numerous pressures linked to rapid modernization, industrialization, demographic pressure and cultural changes. These threats are presented from various angles, such as indigenous understanding of security, governance, sustainability, livelihood practices, mining, nature-based resources and land use management, gender and the elderly. The focus groups of the book are the Ainu, Inuit, Nenets, Sámi and the Mongolian indigenous herders.</subfield>
          </datafield>
          <datafield tag="504" ind1=" " ind2=" ">
            <subfield code="a">Includes bibliographical references.</subfield>
          </datafield>
          <datafield tag="505" ind1="0" ind2="0">
            <subfield code="t">Preliminary Material /</subfield>
            <subfield code="r">Kamrul Hossain and Anna Petrétei -- </subfield>
            <subfield code="t">Introduction: Indigenous Peoples of the North and Human Security /</subfield>
            <subfield code="r">Hossain Kamrul , J. Miguel Roncero Martin , Anna Petrétei and Filip Holienčin -- </subfield>
            <subfield code="t">Indigenous Security Governance in the North: Structure and Promotional Tools /</subfield>
            <subfield code="r">Kamrul Hossain -- </subfield>
            <subfield code="t">Environment, Identity, Autonomy: Inuit Perspectives on Arctic Security /</subfield>
            <subfield code="r">Wilfrid Greaves -- </subfield>
            <subfield code="t">The Narrated ‘Other’ – Challenging Inuit Sustainability through the European Discourse on the Seal Hunt /</subfield>
            <subfield code="r">Nikolas Sellheim -- </subfield>
            <subfield code="t">Economic Security in the Canadian Arctic /</subfield>
            <subfield code="r">Heather Exner-Pirot -- </subfield>
            <subfield code="t">Threats to Human Security Imposed on the Ainu in Biratori, Hokkaido, Japan /</subfield>
            <subfield code="r">Hiroshi Maruyama -- </subfield>
            <subfield code="t">Is it Possible to Hear the Voices of Ainu Women? Silence and Empowerment /</subfield>
            <subfield code="r">Masumi Matsumoto -- </subfield>
            <subfield code="t">The Common Threats to the Livelihood Security of the Nenets People /</subfield>
            <subfield code="r">Elena Tonkova -- </subfield>
            <subfield code="t">The Security of the Sámi People /</subfield>
            <subfield code="r">Michael Sheehan -- </subfield>
            <subfield code="t">Securing Sámi Livelihoods – Does Mining Undermine Traditional Ways of Living? /</subfield>
            <subfield code="r">Anna Petrétei -- </subfield>
            <subfield code="t">ilo 169 and Securing of Sámi Rights to Lands, Nature-based Livelihood, and Natural Resources /</subfield>
            <subfield code="r">Øyvind Ravna -- </subfield>
            <subfield code="t">Russian Sámi in Context of Indigenous Security /</subfield>
            <subfield code="r">Svetlana Vinogradova -- </subfield>
            <subfield code="t">Challenges to the Human Security of Elderly Sámi in Finnish and Swedish Lapland /</subfield>
            <subfield code="r">Shahnaj Begum and Päivi Naskali -- </subfield>
            <subfield code="t">Human Security for Mongolian Herders: Evolving Risks and Opportunities /</subfield>
            <subfield code="r">Vigya Sharma -- </subfield>
            <subfield code="t">Index /</subfield>
            <subfield code="r">Kamrul Hossain and Anna Petrétei.</subfield>
          </datafield>
          <datafield tag="500" ind1=" " ind2=" ">
            <subfield code="a">Includes index.</subfield>
          </datafield>
          <datafield tag="588" ind1=" " ind2=" ">
            <subfield code="a">Description based on print version record.</subfield>
          </datafield>
          <datafield tag="650" ind1=" " ind2="0">
            <subfield code="a">Indigenous peoples</subfield>
            <subfield code="x">Legal status, laws, etc.</subfield>
            <subfield code="z">Arctic regions.</subfield>
          </datafield>
          <datafield tag="650" ind1=" " ind2="0">
            <subfield code="a">Indigenous peoples</subfield>
            <subfield code="z">Arctic regions</subfield>
            <subfield code="x">Economic conditions.</subfield>
          </datafield>
          <datafield tag="650" ind1=" " ind2="0">
            <subfield code="a">Basic needs</subfield>
            <subfield code="x">Law and legislation</subfield>
            <subfield code="z">Arctic regions.</subfield>
          </datafield>
          <datafield tag="655" ind1=" " ind2="4">
            <subfield code="a">Electronic books.</subfield>
          </datafield>
          <datafield tag="700" ind1="1" ind2=" ">
            <subfield code="a">Hossain, Kamrul,</subfield>
            <subfield code="e">editor.</subfield>
          </datafield>
          <datafield tag="700" ind1="1" ind2=" ">
            <subfield code="a">Petrétei, Anna,</subfield>
            <subfield code="d">1987-</subfield>
            <subfield code="e">editor.</subfield>
          </datafield>
          <datafield tag="776" ind1=" " ind2=" ">
            <subfield code="z">90-04-31438-5</subfield>
          </datafield>
          <datafield tag="830" ind1=" " ind2="0">
            <subfield code="a">Studies in international minority and group rights ;</subfield>
            <subfield code="v">Volume 13.</subfield>
          </datafield>
          <datafield tag="906" ind1=" " ind2=" ">
            <subfield code="a">BOOK</subfield>
          </datafield>
          <datafield tag="ADM" ind1=" " ind2=" ">
            <subfield code="b">2021-01-05 16:26:09</subfield>
            <subfield code="e">(CKB)3710000000749634</subfield>
            <subfield code="d">EBC</subfield>
            <subfield code="a">2016-07-09 14:49:08</subfield>
            <subfield code="c">false</subfield>
          </datafield>
          <datafield tag="PRT" ind1=" " ind2=" ">
            <subfield code="i">61419889170003811</subfield>
            <subfield code="updated">2020-07-06 09:26:16</subfield>
            <subfield code="e">Ebook Central</subfield>
            <subfield code="c">Ebook Central Academic Complete</subfield>
            <subfield code="created">2020-07-06 09:26:16</subfield>
            <subfield code="j">62419889160003811</subfield>
            <subfield code="a">53521752270003811</subfield>
            <subfield code="b">https://sandbox01-na.alma.exlibrisgroup.com/view/uresolver/01TULI_INST/openurl?u.ignore_date_coverage=true&amp;rft.mms_id=991037282423903811</subfield>
            <subfield code="9">Available</subfield>
            <subfield code="h">614200000000000002</subfield>
            <subfield code="8">53521752270003811</subfield>
          </datafield>
          <datafield tag="PRT" ind1=" " ind2=" ">
            <subfield code="i">61391921830003811</subfield>
            <subfield code="updated">2019-07-17 04:36:03</subfield>
            <subfield code="e">EBSCOhost</subfield>
            <subfield code="c">EBSCOhost Academic eBook Collection (North America)</subfield>
            <subfield code="created">2019-07-17 04:36:03</subfield>
            <subfield code="j">62391921820003811</subfield>
            <subfield code="a">53471024800003811</subfield>
            <subfield code="b">https://sandbox01-na.alma.exlibrisgroup.com/view/uresolver/01TULI_INST/openurl?u.ignore_date_coverage=true&amp;rft.mms_id=991037282423903811</subfield>
            <subfield code="9">Available</subfield>
            <subfield code="h">613640000000000029</subfield>
            <subfield code="8">53471024800003811</subfield>
          </datafield>
        </record>
      </metadata>
    </record>