
    <record>
      <header>
        <identifier>oai:alma.01TULI_INST:991037282464303811</identifier>
        <datestamp>2021-01-07T10:09:28Z</datestamp>
        <setSpec>blacklight</setSpec>
      </header>
      <metadata>
        <record xmlns="http://www.loc.gov/MARC21/slim" xmlns:xsi="http://www.w3.org/2001/XMLSchema-instance" xsi:schemaLocation="http://www.loc.gov/MARC21/slim http://www.loc.gov/standards/marcxml/schema/MARC21slim.xsd">
          <leader>01020cam-a2200253z--4500</leader>
          <controlfield tag="001">991037282464303811</controlfield>
          <controlfield tag="005">20210106002756.0</controlfield>
          <controlfield tag="007">cr#cnu||||||||</controlfield>
          <controlfield tag="008">16040ut20162016nyua----o     000 d eng d</controlfield>
          <datafield tag="020" ind1=" " ind2=" ">
            <subfield code="a">9781559368636</subfield>
          </datafield>
          <datafield tag="020" ind1=" " ind2=" ">
            <subfield code="a">1-55936-863-2</subfield>
          </datafield>
          <datafield tag="035" ind1=" " ind2=" ">
            <subfield code="a">(CKB)3840000000340975</subfield>
          </datafield>
          <datafield tag="035" ind1=" " ind2=" ">
            <subfield code="a">(EXLCZ)993840000000340975</subfield>
          </datafield>
          <datafield tag="100" ind1="1" ind2=" ">
            <subfield code="a">Karam, Stephen</subfield>
          </datafield>
          <datafield tag="245" ind1="1" ind2="4">
            <subfield code="a">The humans</subfield>
          </datafield>
          <datafield tag="246" ind1="1" ind2=" ">
            <subfield code="a">The Humans (Revised TCG Edition)</subfield>
          </datafield>
          <datafield tag="250" ind1=" " ind2=" ">
            <subfield code="a">Revised TCG edition.</subfield>
          </datafield>
          <datafield tag="260" ind1=" " ind2=" ">
            <subfield code="a">New York :</subfield>
            <subfield code="b">Theatre Communications Group,</subfield>
            <subfield code="c">2016.</subfield>
          </datafield>
          <datafield tag="300" ind1=" " ind2=" ">
            <subfield code="a">1 online resource</subfield>
          </datafield>
          <datafield tag="520" ind1=" " ind2=" ">
            <subfield code="a">Breaking with tradition, Erik Blake has brought his Pennsylvania family to celebrate Thanksgiving at his daughter's apartment in lower Manhattan. As darkness falls outside the ramshackle pre-war duplex, eerie things start to go bump in the night and the heart and horrors of the Blake clan are exposed.</subfield>
          </datafield>
          <datafield tag="650" ind1=" " ind2="0">
            <subfield code="a">Families</subfield>
            <subfield code="z">New York (State)</subfield>
            <subfield code="z">New York</subfield>
            <subfield code="v">Drama.</subfield>
          </datafield>
          <datafield tag="650" ind1=" " ind2="0">
            <subfield code="a">Interpersonal relations</subfield>
            <subfield code="v">Drama.</subfield>
          </datafield>
          <datafield tag="655" ind1=" " ind2="0">
            <subfield code="a">Electronic books.</subfield>
          </datafield>
          <datafield tag="776" ind1=" " ind2=" ">
            <subfield code="z">1-55936-542-0</subfield>
          </datafield>
          <datafield tag="906" ind1=" " ind2=" ">
            <subfield code="a">BOOK</subfield>
          </datafield>
          <datafield tag="ADM" ind1=" " ind2=" ">
            <subfield code="b">2021-01-07 03:34:42</subfield>
            <subfield code="e">(CKB)3840000000340975</subfield>
            <subfield code="d">CKB</subfield>
            <subfield code="a">2018-03-10 16:16:05</subfield>
            <subfield code="c">false</subfield>
          </datafield>
          <datafield tag="PRT" ind1=" " ind2=" ">
            <subfield code="i">61391921830003811</subfield>
            <subfield code="updated">2019-07-17 04:28:19</subfield>
            <subfield code="e">EBSCOhost</subfield>
            <subfield code="c">EBSCOhost Academic eBook Collection (North America)</subfield>
            <subfield code="created">2019-07-17 04:28:19</subfield>
            <subfield code="j">62391921820003811</subfield>
            <subfield code="a">53471002860003811</subfield>
            <subfield code="b">https://sandbox01-na.alma.exlibrisgroup.com/view/uresolver/01TULI_INST/openurl?u.ignore_date_coverage=true&amp;rft.mms_id=991037282464303811</subfield>
            <subfield code="9">Available</subfield>
            <subfield code="h">613640000000000029</subfield>
            <subfield code="8">53471002860003811</subfield>
          </datafield>
        </record>
      </metadata>
    </record>