
    <record>
      <header>
        <identifier>oai:alma.01TULI_INST:991037282518903811</identifier>
        <datestamp>2021-01-06T09:57:01Z</datestamp>
        <setSpec>blacklight</setSpec>
      </header>
      <metadata>
        <record xmlns="http://www.loc.gov/MARC21/slim" xmlns:xsi="http://www.w3.org/2001/XMLSchema-instance" xsi:schemaLocation="http://www.loc.gov/MARC21/slim http://www.loc.gov/standards/marcxml/schema/MARC21slim.xsd">
          <leader>04121nam  2200361 i 4500</leader>
          <controlfield tag="001">991037282518903811</controlfield>
          <controlfield tag="005">20210104171634.0</controlfield>
          <controlfield tag="006">m     o  d |      </controlfield>
          <controlfield tag="007">cr#cnu||||||||</controlfield>
          <controlfield tag="008">180605s2018    nyu     ob   s001 0 eng d</controlfield>
          <datafield tag="020" ind1=" " ind2=" ">
            <subfield code="a">9781438468778</subfield>
            <subfield code="q">(e-book)</subfield>
          </datafield>
          <datafield tag="020" ind1=" " ind2=" ">
            <subfield code="a">1438468776</subfield>
            <subfield code="q">(e-book)</subfield>
          </datafield>
          <datafield tag="035" ind1=" " ind2=" ">
            <subfield code="a">(CKB)4100000004820572</subfield>
          </datafield>
          <datafield tag="035" ind1=" " ind2=" ">
            <subfield code="a">(MiAaPQ)EBC5396608</subfield>
          </datafield>
          <datafield tag="035" ind1=" " ind2=" ">
            <subfield code="a">(EXLCZ)994100000004820572</subfield>
          </datafield>
          <datafield tag="040" ind1=" " ind2=" ">
            <subfield code="a">MiAaPQ</subfield>
            <subfield code="b">eng</subfield>
            <subfield code="e">rda</subfield>
            <subfield code="e">pn</subfield>
            <subfield code="c">MiAaPQ</subfield>
            <subfield code="d">MiAaPQ</subfield>
          </datafield>
          <datafield tag="050" ind1=" " ind2="4">
            <subfield code="a">CB482</subfield>
            <subfield code="b">.W384 2018</subfield>
          </datafield>
          <datafield tag="082" ind1="0" ind2=" ">
            <subfield code="a">930.1</subfield>
            <subfield code="2">23</subfield>
          </datafield>
          <datafield tag="245" ind1="0" ind2="0">
            <subfield code="a">Water and power in past societies /</subfield>
            <subfield code="c">edited by Emily Holt.</subfield>
          </datafield>
          <datafield tag="264" ind1=" " ind2="1">
            <subfield code="a">Albany, NY :</subfield>
            <subfield code="b">State University of New York Press,</subfield>
            <subfield code="c">[2018]</subfield>
          </datafield>
          <datafield tag="264" ind1=" " ind2="4">
            <subfield code="c">©2018</subfield>
          </datafield>
          <datafield tag="300" ind1=" " ind2=" ">
            <subfield code="a">1 online resource (336 pages).</subfield>
          </datafield>
          <datafield tag="336" ind1=" " ind2=" ">
            <subfield code="a">text</subfield>
            <subfield code="b">txt</subfield>
            <subfield code="2">rdacontent</subfield>
          </datafield>
          <datafield tag="337" ind1=" " ind2=" ">
            <subfield code="a">computer</subfield>
            <subfield code="b">c</subfield>
            <subfield code="2">rdamedia</subfield>
          </datafield>
          <datafield tag="338" ind1=" " ind2=" ">
            <subfield code="a">online resource</subfield>
            <subfield code="b">cr</subfield>
            <subfield code="2">rdacarrier</subfield>
          </datafield>
          <datafield tag="490" ind1="0" ind2=" ">
            <subfield code="a">SUNY series, The Institute for European and Mediterranean Archaeology distinguished monograph series</subfield>
          </datafield>
          <datafield tag="504" ind1=" " ind2=" ">
            <subfield code="a">Includes bibliographical references and index.</subfield>
          </datafield>
          <datafield tag="505" ind1="0" ind2=" ">
            <subfield code="a">The political ecology of Chinampa landscapes in the basin of Mexico / Christopher T. Morehart -- Irrigation and social organization: a Longue Durée perspective from the Jordan Valley / Eva Kaptijn -- Water management by mobile pastoralists in the Middle East / Emily Hammer -- Water and workshops: inequality among mining sites in ancient Laurion (Greece) / Kim Van Liefferinge -- From elite villas to public spaces: the first decorative fountains in Ancient Rome / Brenda Longfellow -- From urban oasis to desert hinterland: the decline of Petra's water system: the case of the Petra garden and pool complex / Leigh-Ann Bedal -- Spatial archaeology, hydrology and the historical dynamics of water in ancient Southern Arabia (Yemen and Oman) / Michael Harrower -- The sea and Bronze Age transformations / Christopher Prescott, Anette Sand-Eriksen and Knut Ivar Austvoll -- Southeast Asian maritime power, 17th century spice wars, and Tiworo's neglected fortifications /  Jennifer L. Gaynor -- The power of coastal resources: assessing maritime economic opportunity in the Roman Mediterranean / Justin Leidwanger -- Rivers as material infrastructure: a legacy from the past to the future / Matt Edgeworth -- Geologies of belonging: the political ecology of water in Central Anatolia /  Ö̈mür Harmansah -- Some perspectives on the frequency of significant, historically forcing, drought and subsistence crises in Anatolia and region / Sturt W. Manning -- A framework for facing the past / Vernon L Scarborough.</subfield>
          </datafield>
          <datafield tag="520" ind1=" " ind2=" ">
            <subfield code="a">Water, an essential resource in all cultures, is at the heart of human power structures. Utilizing a diverse range of theoretical perspectives, the contributors to Water and Power in Past Societies provide a broad introduction to the archaeology of water-related power structures. The studies herein explore the long history of water politics in human society, offering new insights into the power structures and inequalities surrounding irrigation systems, the collection of rainwater as a component of ancient industrial production, and sea water as a facilitator of communication, trade, and aggression. In addition to examining the role of different types of water in creating power relationships, the volume presents case studies from a variety of climatic regions, ranging from the very dry to the tropical. This geographical breadth facilitates cross-cultural comparison, making Water and Power in Past Societies an essential resource for instructors and students of the archaeology of water. Finally, in addition to reaching conclusions with significant implications for archaeologists and anthropologists, the volume has real contemporary relevance, often drawing explicit parallels with issues of current and future water management.</subfield>
          </datafield>
          <datafield tag="588" ind1=" " ind2=" ">
            <subfield code="a">Description based on print version record.</subfield>
          </datafield>
          <datafield tag="650" ind1=" " ind2="0">
            <subfield code="a">Water and civilization.</subfield>
          </datafield>
          <datafield tag="776" ind1="0" ind2="8">
            <subfield code="i">Print version:</subfield>
            <subfield code="t">Water and power in past societies.</subfield>
            <subfield code="d">Albany : State University of New York Press, [2018]</subfield>
            <subfield code="z">9781438468754</subfield>
            <subfield code="w">(DLC)  2017017027</subfield>
          </datafield>
          <datafield tag="700" ind1="1" ind2=" ">
            <subfield code="a">Holt, Emily,</subfield>
            <subfield code="d">1980-</subfield>
            <subfield code="e">editor.</subfield>
          </datafield>
          <datafield tag="906" ind1=" " ind2=" ">
            <subfield code="a">E-BOOK</subfield>
          </datafield>
          <datafield tag="ADM" ind1=" " ind2=" ">
            <subfield code="b">2021-01-06 08:28:25</subfield>
            <subfield code="e">(CKB)4100000004820572</subfield>
            <subfield code="d">EBC</subfield>
            <subfield code="a">2018-07-11 05:04:39</subfield>
            <subfield code="c">false</subfield>
          </datafield>
          <datafield tag="PRT" ind1=" " ind2=" ">
            <subfield code="i">61391921830003811</subfield>
            <subfield code="updated">2020-07-25 14:12:16</subfield>
            <subfield code="e">EBSCOhost</subfield>
            <subfield code="c">EBSCOhost Academic eBook Collection (North America)</subfield>
            <subfield code="created">2020-07-25 14:12:16</subfield>
            <subfield code="j">62391921820003811</subfield>
            <subfield code="a">53528907980003811</subfield>
            <subfield code="b">https://sandbox01-na.alma.exlibrisgroup.com/view/uresolver/01TULI_INST/openurl?u.ignore_date_coverage=true&amp;rft.mms_id=991037282518903811</subfield>
            <subfield code="9">Available</subfield>
            <subfield code="h">613640000000000029</subfield>
            <subfield code="8">53528907980003811</subfield>
          </datafield>
          <datafield tag="PRT" ind1=" " ind2=" ">
            <subfield code="i">61437208860003811</subfield>
            <subfield code="updated">2019-07-17 05:25:47</subfield>
            <subfield code="e">EBSCOhost</subfield>
            <subfield code="c">Ebscohost Ebooks University Press Collection (North America)</subfield>
            <subfield code="created">2019-07-17 05:25:47</subfield>
            <subfield code="j">62437208850003811</subfield>
            <subfield code="a">53471120160003811</subfield>
            <subfield code="b">https://sandbox01-na.alma.exlibrisgroup.com/view/uresolver/01TULI_INST/openurl?u.ignore_date_coverage=true&amp;rft.mms_id=991037282518903811</subfield>
            <subfield code="9">Available</subfield>
            <subfield code="h">614930000000000023</subfield>
            <subfield code="8">53471120160003811</subfield>
          </datafield>
        </record>
      </metadata>
    </record>