
    <record>
      <header>
        <identifier>oai:alma.01TULI_INST:991037282508603811</identifier>
        <datestamp>2021-01-06T09:57:01Z</datestamp>
        <setSpec>blacklight</setSpec>
      </header>
      <metadata>
        <record xmlns="http://www.loc.gov/MARC21/slim" xmlns:xsi="http://www.w3.org/2001/XMLSchema-instance" xsi:schemaLocation="http://www.loc.gov/MARC21/slim http://www.loc.gov/standards/marcxml/schema/MARC21slim.xsd">
          <leader>01787nam  2200385 i 4500</leader>
          <controlfield tag="001">991037282508603811</controlfield>
          <controlfield tag="005">20170919185957.0</controlfield>
          <controlfield tag="006">m     o  d |      </controlfield>
          <controlfield tag="007">cr -n---------</controlfield>
          <controlfield tag="008">160625t20162016ne ab   ob    001 0 eng d</controlfield>
          <datafield tag="020" ind1=" " ind2=" ">
            <subfield code="a">90-04-31430-X</subfield>
          </datafield>
          <datafield tag="024" ind1="7" ind2=" ">
            <subfield code="a">10.1163/9789004314306</subfield>
            <subfield code="2">DOI</subfield>
          </datafield>
          <datafield tag="035" ind1=" " ind2=" ">
            <subfield code="a">(CKB)3710000000614569</subfield>
          </datafield>
          <datafield tag="035" ind1=" " ind2=" ">
            <subfield code="a">(EBL)4540535</subfield>
          </datafield>
          <datafield tag="035" ind1=" " ind2=" ">
            <subfield code="a">(SSID)ssj0001672787</subfield>
          </datafield>
          <datafield tag="035" ind1=" " ind2=" ">
            <subfield code="a">(PQKBManifestationID)16470857</subfield>
          </datafield>
          <datafield tag="035" ind1=" " ind2=" ">
            <subfield code="a">(PQKBTitleCode)TC0001672787</subfield>
          </datafield>
          <datafield tag="035" ind1=" " ind2=" ">
            <subfield code="a">(PQKBWorkID)15012773</subfield>
          </datafield>
          <datafield tag="035" ind1=" " ind2=" ">
            <subfield code="a">(PQKB)10744869</subfield>
          </datafield>
          <datafield tag="035" ind1=" " ind2=" ">
            <subfield code="a">(PQKBManifestationID)16471854</subfield>
          </datafield>
          <datafield tag="035" ind1=" " ind2=" ">
            <subfield code="a">(PQKB)22256314</subfield>
          </datafield>
          <datafield tag="035" ind1=" " ind2=" ">
            <subfield code="a">(MiAaPQ)EBC4540535</subfield>
          </datafield>
          <datafield tag="035" ind1=" " ind2=" ">
            <subfield code="a">(nllekb)BRILL9789004314306</subfield>
          </datafield>
          <datafield tag="035" ind1=" " ind2=" ">
            <subfield code="a">(EXLCZ)993710000000614569</subfield>
          </datafield>
          <datafield tag="040" ind1=" " ind2=" ">
            <subfield code="a">MiAaPQ</subfield>
            <subfield code="b">eng</subfield>
            <subfield code="e">rda</subfield>
            <subfield code="e">pn</subfield>
            <subfield code="c">MiAaPQ</subfield>
            <subfield code="d">MiAaPQ</subfield>
          </datafield>
          <datafield tag="041" ind1=" " ind2=" ">
            <subfield code="a">eng</subfield>
          </datafield>
          <datafield tag="043" ind1=" " ind2=" ">
            <subfield code="a">a-my---</subfield>
          </datafield>
          <datafield tag="050" ind1=" " ind2="4">
            <subfield code="a">PE3502.M3</subfield>
            <subfield code="b">.E545 2016</subfield>
          </datafield>
          <datafield tag="072" ind1=" " ind2="7">
            <subfield code="a">CFB</subfield>
            <subfield code="2">bicssc</subfield>
          </datafield>
          <datafield tag="072" ind1=" " ind2="7">
            <subfield code="a">LAN009000</subfield>
            <subfield code="2">bisacsh</subfield>
          </datafield>
          <datafield tag="082" ind1="0" ind2=" ">
            <subfield code="a">306.442/2109595</subfield>
            <subfield code="2">23</subfield>
          </datafield>
          <datafield tag="245" ind1="0" ind2="0">
            <subfield code="a">English in Malaysia :</subfield>
            <subfield code="b">current use and status /</subfield>
            <subfield code="c">edited by Toshiko Yamaguchi, David Deterding.</subfield>
          </datafield>
          <datafield tag="264" ind1=" " ind2="1">
            <subfield code="a">Leiden, Netherlands ;</subfield>
            <subfield code="a">Boston, Massachusetts :</subfield>
            <subfield code="b">Brill,</subfield>
            <subfield code="c">2016.</subfield>
          </datafield>
          <datafield tag="264" ind1=" " ind2="4">
            <subfield code="c">©2016</subfield>
          </datafield>
          <datafield tag="300" ind1=" " ind2=" ">
            <subfield code="a">1 online resource (212 p.)</subfield>
          </datafield>
          <datafield tag="336" ind1=" " ind2=" ">
            <subfield code="a">text</subfield>
            <subfield code="b">txt</subfield>
          </datafield>
          <datafield tag="337" ind1=" " ind2=" ">
            <subfield code="a">computer</subfield>
            <subfield code="b">c</subfield>
          </datafield>
          <datafield tag="338" ind1=" " ind2=" ">
            <subfield code="a">online resource</subfield>
            <subfield code="b">cr</subfield>
          </datafield>
          <datafield tag="490" ind1="1" ind2=" ">
            <subfield code="a">Brill's Studies in Language, Cognition and Culture,</subfield>
            <subfield code="x">1879-5412 ;</subfield>
            <subfield code="v">Volume 14</subfield>
          </datafield>
          <datafield tag="500" ind1=" " ind2=" ">
            <subfield code="a">Description based upon print version of record.</subfield>
          </datafield>
          <datafield tag="546" ind1=" " ind2=" ">
            <subfield code="a">English</subfield>
          </datafield>
          <datafield tag="520" ind1=" " ind2=" ">
            <subfield code="a">English in Malaysia: Current Use and Status offers an account of the English language used in present-day West and East Malaysia and its status anchored in different linguistic, social and educational domains. After an Introduction giving a bird’s eye view of the status of English in Malaysia, the eight main chapters offer case studies revolving around four themes: i. linguistic features, with special focus on pronunciation and language contact; ii. language attitudes; iii. English in on-line discourse; and iv. English and language policies. The chapters cover original data and topics, seeking to draw an accurate portrait of Malaysian English, a non-native variety of postcolonial English that is currently developing its pronunciation, grammar, lexis and distinct identity.</subfield>
          </datafield>
          <datafield tag="505" ind1="0" ind2="0">
            <subfield code="t">Preliminary Material -- </subfield>
            <subfield code="t">1 English in Malaysia: Background, Status and Use /</subfield>
            <subfield code="r">Toshiko Yamaguchi and David Deterding -- </subfield>
            <subfield code="t">2 Malaysian English: Evidence of Contact with Classifier Languages /</subfield>
            <subfield code="r">Siew Imm Tan -- </subfield>
            <subfield code="t">3 The New [t] in Malaysian English /</subfield>
            <subfield code="r">Toshiko Yamaguchi and Magnús Pétursson -- </subfield>
            <subfield code="t">4 How do We Stress? Lexical Stress in Malaysian and British English /</subfield>
            <subfield code="r">Rachel Siew Kuang Tan -- </subfield>
            <subfield code="t">5 Attitudes towards Malay, English and Chinese among Malaysian Students: A Matched Guise Test /</subfield>
            <subfield code="r">Paolo Coluzzi -- </subfield>
            <subfield code="t">6 English for the Indigenous People of Sarawak: Focus on the Bidayuhs /</subfield>
            <subfield code="r">Patricia Nora Riget and Xiaomei Wang -- </subfield>
            <subfield code="t">7 English and Other Languages in the Online Discourse of East Malaysians /</subfield>
            <subfield code="r">James McLellan -- </subfield>
            <subfield code="t">8 Literacy Practices in English in Malaysian Educational Settings /</subfield>
            <subfield code="r">Ambigapathy Pandian -- </subfield>
            <subfield code="t">9 Impact of the English Language on University Policy in Malaysia and Japan /</subfield>
            <subfield code="r">Sachihiko Kondo -- </subfield>
            <subfield code="t">10 A Prognosis for the Future /</subfield>
            <subfield code="r">David Deterding and Toshiko Yamaguchi -- </subfield>
            <subfield code="t">Index.</subfield>
          </datafield>
          <datafield tag="504" ind1=" " ind2=" ">
            <subfield code="a">Includes bibliographical references at the end of each chapters and index.</subfield>
          </datafield>
          <datafield tag="588" ind1=" " ind2=" ">
            <subfield code="a">Description based on print version record.</subfield>
          </datafield>
          <datafield tag="650" ind1=" " ind2="0">
            <subfield code="a">English language</subfield>
            <subfield code="z">Malaysia.</subfield>
          </datafield>
          <datafield tag="650" ind1=" " ind2="0">
            <subfield code="a">English language</subfield>
            <subfield code="z">Malaysia</subfield>
            <subfield code="v">History.</subfield>
          </datafield>
          <datafield tag="651" ind1=" " ind2="0">
            <subfield code="a">Malaysia</subfield>
            <subfield code="x">Language.</subfield>
          </datafield>
          <datafield tag="655" ind1=" " ind2="4">
            <subfield code="a">Electronic books.</subfield>
          </datafield>
          <datafield tag="700" ind1="1" ind2=" ">
            <subfield code="a">Yamaguchi, Toshiko,</subfield>
            <subfield code="e">editor.</subfield>
          </datafield>
          <datafield tag="700" ind1="1" ind2=" ">
            <subfield code="a">Deterding, David,</subfield>
            <subfield code="e">editor.</subfield>
          </datafield>
          <datafield tag="776" ind1=" " ind2=" ">
            <subfield code="z">90-04-31429-6</subfield>
          </datafield>
          <datafield tag="830" ind1=" " ind2="0">
            <subfield code="a">Brill's studies in language, cognition and culture ;</subfield>
            <subfield code="v">Volume 14.</subfield>
          </datafield>
          <datafield tag="906" ind1=" " ind2=" ">
            <subfield code="a">BOOK</subfield>
          </datafield>
          <datafield tag="ADM" ind1=" " ind2=" ">
            <subfield code="b">2021-01-06 04:31:15</subfield>
            <subfield code="e">(CKB)3710000000614569</subfield>
            <subfield code="d">EBC</subfield>
            <subfield code="a">2016-03-17 14:52:20</subfield>
            <subfield code="c">false</subfield>
          </datafield>
          <datafield tag="PRT" ind1=" " ind2=" ">
            <subfield code="i">61391921830003811</subfield>
            <subfield code="updated">2019-07-17 04:20:43</subfield>
            <subfield code="e">EBSCOhost</subfield>
            <subfield code="c">EBSCOhost Academic eBook Collection (North America)</subfield>
            <subfield code="created">2019-07-17 04:20:43</subfield>
            <subfield code="j">62391921820003811</subfield>
            <subfield code="a">53470981590003811</subfield>
            <subfield code="b">https://sandbox01-na.alma.exlibrisgroup.com/view/uresolver/01TULI_INST/openurl?u.ignore_date_coverage=true&amp;rft.mms_id=991037282508603811</subfield>
            <subfield code="9">Available</subfield>
            <subfield code="h">613640000000000029</subfield>
            <subfield code="8">53470981590003811</subfield>
          </datafield>
        </record>
      </metadata>
    </record>