
    <record>
      <header>
        <identifier>oai:alma.01TULI_INST:991037282700403811</identifier>
        <datestamp>2021-01-05T21:51:40Z</datestamp>
        <setSpec>blacklight</setSpec>
      </header>
      <metadata>
        <record xmlns="http://www.loc.gov/MARC21/slim" xmlns:xsi="http://www.w3.org/2001/XMLSchema-instance" xsi:schemaLocation="http://www.loc.gov/MARC21/slim http://www.loc.gov/standards/marcxml/schema/MARC21slim.xsd">
          <leader>04001nam a22004815i 4500</leader>
          <controlfield tag="001">991037282700403811</controlfield>
          <controlfield tag="005">20190618093710.0</controlfield>
          <controlfield tag="006">m     o  d |      </controlfield>
          <controlfield tag="007">cr nn 008mamaa</controlfield>
          <controlfield tag="008">190618s2019    gw |    o    |||| 0|eng d</controlfield>
          <datafield tag="020" ind1=" " ind2=" ">
            <subfield code="a">3-030-18792-6</subfield>
          </datafield>
          <datafield tag="024" ind1="7" ind2=" ">
            <subfield code="a">10.1007/978-3-030-18792-7</subfield>
            <subfield code="2">doi</subfield>
          </datafield>
          <datafield tag="035" ind1=" " ind2=" ">
            <subfield code="a">(CKB)4100000008493473</subfield>
          </datafield>
          <datafield tag="035" ind1=" " ind2=" ">
            <subfield code="a">(DE-He213)978-3-030-18792-7</subfield>
          </datafield>
          <datafield tag="035" ind1=" " ind2=" ">
            <subfield code="a">(MiAaPQ)EBC5795892</subfield>
          </datafield>
          <datafield tag="035" ind1=" " ind2=" ">
            <subfield code="a">(EXLCZ)994100000008493473</subfield>
          </datafield>
          <datafield tag="050" ind1=" " ind2="4">
            <subfield code="a">R857.M3</subfield>
          </datafield>
          <datafield tag="072" ind1=" " ind2="7">
            <subfield code="a">TGM</subfield>
            <subfield code="2">bicssc</subfield>
          </datafield>
          <datafield tag="072" ind1=" " ind2="7">
            <subfield code="a">TEC021000</subfield>
            <subfield code="2">bisacsh</subfield>
          </datafield>
          <datafield tag="072" ind1=" " ind2="7">
            <subfield code="a">TGM</subfield>
            <subfield code="2">thema</subfield>
          </datafield>
          <datafield tag="072" ind1=" " ind2="7">
            <subfield code="a">TCB</subfield>
            <subfield code="2">thema</subfield>
          </datafield>
          <datafield tag="082" ind1="0" ind2="4">
            <subfield code="a">620.11</subfield>
            <subfield code="2">23</subfield>
          </datafield>
          <datafield tag="245" ind1="1" ind2="0">
            <subfield code="a">Sustainable Lignin for Carbon Fibers: Principles, Techniques, and Applications</subfield>
            <subfield code="h">[electronic resource] /</subfield>
            <subfield code="c">edited by Emmanuel Isaac Akpan, Samson Oluropo Adeosun.</subfield>
          </datafield>
          <datafield tag="250" ind1=" " ind2=" ">
            <subfield code="a">1st ed. 2019.</subfield>
          </datafield>
          <datafield tag="264" ind1=" " ind2="1">
            <subfield code="a">Cham :</subfield>
            <subfield code="b">Springer International Publishing :</subfield>
            <subfield code="b">Imprint: Springer,</subfield>
            <subfield code="c">2019.</subfield>
          </datafield>
          <datafield tag="300" ind1=" " ind2=" ">
            <subfield code="a">1 online resource (XI, 454 p. 295 illus., 139 illus. in color.) </subfield>
          </datafield>
          <datafield tag="336" ind1=" " ind2=" ">
            <subfield code="a">text</subfield>
            <subfield code="b">txt</subfield>
            <subfield code="2">rdacontent</subfield>
          </datafield>
          <datafield tag="337" ind1=" " ind2=" ">
            <subfield code="a">computer</subfield>
            <subfield code="b">c</subfield>
            <subfield code="2">rdamedia</subfield>
          </datafield>
          <datafield tag="338" ind1=" " ind2=" ">
            <subfield code="a">online resource</subfield>
            <subfield code="b">cr</subfield>
            <subfield code="2">rdacarrier</subfield>
          </datafield>
          <datafield tag="505" ind1="0" ind2=" ">
            <subfield code="a">Chapter 1. Chemistry and Structure of Lignin -- Chapter 2. Lignin Conversion to Carbon Fiber -- Chapter 3. Bio-Sourced Lignin: Recovery Techniques and Principles -- Chapter 4. Bio-Sourced Lignin: Sources and Properties -- Chapter 5. Characterization Techniques and Quality Assessment of Lignin and Lignin Carbon Materials -- Chapter 6. Melt Processing of Lignin -- Chapter 7. Stabilization of Lignin Fibers -- Chapter 8. Carbonization, Activation and Graphitization of Lignin based Materials -- Chapter 9. Lignin Carbon Fibres: Properties, Applications and Economic Efficiency -- Chapter 10. Surface Treatment of Lignin Sourced Carbon Fibers: Principles, Processes and Challenges.</subfield>
          </datafield>
          <datafield tag="520" ind1=" " ind2=" ">
            <subfield code="a">This book is designed to provide wide understanding of lignin carbon fiber processes, chemistry, mechanisms, and techniques that will help in further development of lignin carbon fiber for automobile, aerospace, marine, and sports equipment applications. Each step in the processing of lignin carbon fibers is presented as a separate chapter so that issues concerning the processes are exhaustively discussed. Basic scientific principles governing each stage of lignin carbon fiber processing, current state of research and mechanisms behind the processes are illustrated for better understanding. This is the first book to address the entire scope of lignin carbon fiber processing including; extraction, quantification, purification, melt processing, stabilization, carbonization, optimization of processes, and characterization. Presents detailed information on the chemistry, processing, principles and properties of bio-sourced lignin for carbon fiber production; Highlights techniques of recovery and properties of lignin from agricultural waste sources; Addresses applications in automobile, aircraft, marine, and sport industries; Provides insight into the lignin complex macromolecular system, the role of lignin chemistry as it relates to carbon fiber production and the evolution of lignin carbon fiber structure during processing.</subfield>
          </datafield>
          <datafield tag="650" ind1=" " ind2="0">
            <subfield code="a">Biomaterials.</subfield>
          </datafield>
          <datafield tag="650" ind1=" " ind2="0">
            <subfield code="a">Renewable energy sources.</subfield>
          </datafield>
          <datafield tag="650" ind1="1" ind2="4">
            <subfield code="a">Biomaterials.</subfield>
            <subfield code="0">http://scigraph.springernature.com/things/product-market-codes/Z13000</subfield>
          </datafield>
          <datafield tag="650" ind1="2" ind2="4">
            <subfield code="a">Materials Engineering.</subfield>
            <subfield code="0">http://scigraph.springernature.com/things/product-market-codes/T28000</subfield>
          </datafield>
          <datafield tag="650" ind1="2" ind2="4">
            <subfield code="a">Renewable and Green Energy.</subfield>
            <subfield code="0">http://scigraph.springernature.com/things/product-market-codes/111000</subfield>
          </datafield>
          <datafield tag="776" ind1=" " ind2=" ">
            <subfield code="z">3-030-18791-8</subfield>
          </datafield>
          <datafield tag="700" ind1="1" ind2=" ">
            <subfield code="a">Akpan, Emmanuel Isaac.</subfield>
            <subfield code="e">editor.</subfield>
            <subfield code="4">edt</subfield>
            <subfield code="4">http://id.loc.gov/vocabulary/relators/edt</subfield>
          </datafield>
          <datafield tag="700" ind1="1" ind2=" ">
            <subfield code="a">Adeosun, Samson Oluropo.</subfield>
            <subfield code="e">editor.</subfield>
            <subfield code="4">edt</subfield>
            <subfield code="4">http://id.loc.gov/vocabulary/relators/edt</subfield>
          </datafield>
          <datafield tag="906" ind1=" " ind2=" ">
            <subfield code="a">BOOK</subfield>
          </datafield>
          <datafield tag="ADM" ind1=" " ind2=" ">
            <subfield code="b">2019-10-24 08:06:25</subfield>
            <subfield code="e">(CKB)4100000008493473</subfield>
            <subfield code="d">SPRINGER</subfield>
            <subfield code="f">20190618093710.0</subfield>
            <subfield code="a">2019-07-06 20:15:01</subfield>
            <subfield code="c">false</subfield>
          </datafield>
          <datafield tag="PRT" ind1=" " ind2=" ">
            <subfield code="i">61446843650003811</subfield>
            <subfield code="updated">2019-07-17 05:31:42</subfield>
            <subfield code="e">Springer Link</subfield>
            <subfield code="c">Springer Chemistry and Materials Science eBooks 2019 English/International</subfield>
            <subfield code="created">2019-07-17 05:31:42</subfield>
            <subfield code="j">62446843640003811</subfield>
            <subfield code="a">53471147830003811</subfield>
            <subfield code="b">https://sandbox01-na.alma.exlibrisgroup.com/view/uresolver/01TULI_INST/openurl?u.ignore_date_coverage=true&amp;rft.mms_id=991037282700403811</subfield>
            <subfield code="9">Available</subfield>
            <subfield code="h">614900000000000967</subfield>
            <subfield code="8">53471147830003811</subfield>
          </datafield>
        </record>
      </metadata>
    </record>