
    <record>
      <header>
        <identifier>oai:alma.01TULI_INST:991037282700503811</identifier>
        <datestamp>2021-01-05T21:52:10Z</datestamp>
        <setSpec>blacklight</setSpec>
      </header>
      <metadata>
        <record xmlns="http://www.loc.gov/MARC21/slim" xmlns:xsi="http://www.w3.org/2001/XMLSchema-instance" xsi:schemaLocation="http://www.loc.gov/MARC21/slim http://www.loc.gov/standards/marcxml/schema/MARC21slim.xsd">
          <leader>04021nam a22005175i 4500</leader>
          <controlfield tag="001">991037282700503811</controlfield>
          <controlfield tag="005">20190614174855.0</controlfield>
          <controlfield tag="006">m     o  d |      </controlfield>
          <controlfield tag="007">cr nn 008mamaa</controlfield>
          <controlfield tag="008">190614s2019    gw |    o    |||| 0|eng d</controlfield>
          <datafield tag="020" ind1=" " ind2=" ">
            <subfield code="a">3-030-16573-6</subfield>
          </datafield>
          <datafield tag="024" ind1="7" ind2=" ">
            <subfield code="a">10.1007/978-3-030-16573-4</subfield>
            <subfield code="2">doi</subfield>
          </datafield>
          <datafield tag="035" ind1=" " ind2=" ">
            <subfield code="a">(CKB)4100000008424447</subfield>
          </datafield>
          <datafield tag="035" ind1=" " ind2=" ">
            <subfield code="a">(DE-He213)978-3-030-16573-4</subfield>
          </datafield>
          <datafield tag="035" ind1=" " ind2=" ">
            <subfield code="a">(MiAaPQ)EBC5789734</subfield>
          </datafield>
          <datafield tag="035" ind1=" " ind2=" ">
            <subfield code="a">(EXLCZ)994100000008424447</subfield>
          </datafield>
          <datafield tag="050" ind1=" " ind2="4">
            <subfield code="a">QD478</subfield>
          </datafield>
          <datafield tag="072" ind1=" " ind2="7">
            <subfield code="a">TBN</subfield>
            <subfield code="2">bicssc</subfield>
          </datafield>
          <datafield tag="072" ind1=" " ind2="7">
            <subfield code="a">SCI050000</subfield>
            <subfield code="2">bisacsh</subfield>
          </datafield>
          <datafield tag="072" ind1=" " ind2="7">
            <subfield code="a">TBN</subfield>
            <subfield code="2">thema</subfield>
          </datafield>
          <datafield tag="082" ind1="0" ind2="4">
            <subfield code="a">541.2</subfield>
            <subfield code="2">23</subfield>
          </datafield>
          <datafield tag="245" ind1="1" ind2="0">
            <subfield code="a">Nanocosmetics</subfield>
            <subfield code="h">[electronic resource] :</subfield>
            <subfield code="b">From Ideas to Products /</subfield>
            <subfield code="c">edited by Jean Cornier, Cornelia M. Keck, Marcel Van de Voorde.</subfield>
          </datafield>
          <datafield tag="250" ind1=" " ind2=" ">
            <subfield code="a">1st ed. 2019.</subfield>
          </datafield>
          <datafield tag="264" ind1=" " ind2="1">
            <subfield code="a">Cham :</subfield>
            <subfield code="b">Springer International Publishing :</subfield>
            <subfield code="b">Imprint: Springer,</subfield>
            <subfield code="c">2019.</subfield>
          </datafield>
          <datafield tag="300" ind1=" " ind2=" ">
            <subfield code="a">1 online resource (XVI, 363 p.) </subfield>
          </datafield>
          <datafield tag="336" ind1=" " ind2=" ">
            <subfield code="a">text</subfield>
            <subfield code="b">txt</subfield>
            <subfield code="2">rdacontent</subfield>
          </datafield>
          <datafield tag="337" ind1=" " ind2=" ">
            <subfield code="a">computer</subfield>
            <subfield code="b">c</subfield>
            <subfield code="2">rdamedia</subfield>
          </datafield>
          <datafield tag="338" ind1=" " ind2=" ">
            <subfield code="a">online resource</subfield>
            <subfield code="b">cr</subfield>
            <subfield code="2">rdacarrier</subfield>
          </datafield>
          <datafield tag="504" ind1=" " ind2=" ">
            <subfield code="a">Includes bibliographical references and index.</subfield>
          </datafield>
          <datafield tag="505" ind1="0" ind2=" ">
            <subfield code="a">Introduction to Nanocosmetics: Science Behind Cosmetics and Skin Care,- Nanotechnology in Cosmetics. Nanoparticles in cosmetics: Inorganic nanoparticles in cosmetics: Micelles and Nanoemulsions -- Polymeric nanoparticles -- Phospholipids in Cosmetic Carriers -- SmartLipids – the third generation of solid submicron lipid particles for dermal delivery of actives -- Nanocrystals for dermal application. Characterization and Production of Nanoparticles and Nanocosmetics: Characterization of nanoparticles for cosmetic applications -- Characterization of Nanoparticles in Dermal Formulations -- Characterization of penetration of particles after dermal application -- Characterisation of Nanomaterials with Focus on Metrology, Nano Reference Materials and Standardisation -- Production of nanocosmetics. Governance and Potentials of Nanocosmetics: Safety and Toxicity counts of Nanocosmetics -- Regulation of nanomaterials in cosmetic products on the EU market -- Why Nanotechnology in Dermal Products? – Advantages, Challenges and Market Aspects.</subfield>
          </datafield>
          <datafield tag="520" ind1=" " ind2=" ">
            <subfield code="a">This book addresses the application of nanotechnology to cosmetics. Edited by three respected experts in the field, the book begins with a general overview of the science behind cosmetics and skin care today, and of the status quo of nanotechnology in cosmetics. Subsequent chapters provide detailed information on the different nanoparticles currently used in cosmetics; the production and characterization of nanoparticles and nanocosmetics; and regulatory, safety and commercialization aspects. Given its scope, the book offers an indispensable guide for scientists in academia and industry, technicians and students, as well as a useful resource for decision-makers in the field and consumer organizations. Chapter 6 of this book is available open access under a CC BY 4.0 license at link.springer.com.</subfield>
          </datafield>
          <datafield tag="650" ind1=" " ind2="0">
            <subfield code="a">Nanochemistry.</subfield>
          </datafield>
          <datafield tag="650" ind1=" " ind2="0">
            <subfield code="a">Pharmaceutical technology.</subfield>
          </datafield>
          <datafield tag="650" ind1=" " ind2="0">
            <subfield code="a">Dermatology.</subfield>
          </datafield>
          <datafield tag="650" ind1=" " ind2="0">
            <subfield code="a">Chemical engineering.</subfield>
          </datafield>
          <datafield tag="650" ind1="1" ind2="4">
            <subfield code="a">Nanochemistry.</subfield>
            <subfield code="0">http://scigraph.springernature.com/things/product-market-codes/C33000</subfield>
          </datafield>
          <datafield tag="650" ind1="2" ind2="4">
            <subfield code="a">Pharmaceutical Sciences/Technology.</subfield>
            <subfield code="0">http://scigraph.springernature.com/things/product-market-codes/B21010</subfield>
          </datafield>
          <datafield tag="650" ind1="2" ind2="4">
            <subfield code="a">Dermatology.</subfield>
            <subfield code="0">http://scigraph.springernature.com/things/product-market-codes/H1900X</subfield>
          </datafield>
          <datafield tag="650" ind1="2" ind2="4">
            <subfield code="a">Industrial Chemistry/Chemical Engineering.</subfield>
            <subfield code="0">http://scigraph.springernature.com/things/product-market-codes/C27000</subfield>
          </datafield>
          <datafield tag="776" ind1=" " ind2=" ">
            <subfield code="z">3-030-16572-8</subfield>
          </datafield>
          <datafield tag="700" ind1="1" ind2=" ">
            <subfield code="a">Cornier, Jean.</subfield>
            <subfield code="e">editor.</subfield>
            <subfield code="4">edt</subfield>
            <subfield code="4">http://id.loc.gov/vocabulary/relators/edt</subfield>
          </datafield>
          <datafield tag="700" ind1="1" ind2=" ">
            <subfield code="a">Keck, Cornelia M.</subfield>
            <subfield code="e">editor.</subfield>
            <subfield code="4">edt</subfield>
            <subfield code="4">http://id.loc.gov/vocabulary/relators/edt</subfield>
          </datafield>
          <datafield tag="700" ind1="1" ind2=" ">
            <subfield code="a">Van de Voorde, Marcel.</subfield>
            <subfield code="e">editor.</subfield>
            <subfield code="4">edt</subfield>
            <subfield code="4">http://id.loc.gov/vocabulary/relators/edt</subfield>
          </datafield>
          <datafield tag="906" ind1=" " ind2=" ">
            <subfield code="a">BOOK</subfield>
          </datafield>
          <datafield tag="ADM" ind1=" " ind2=" ">
            <subfield code="b">2019-10-24 22:51:16</subfield>
            <subfield code="e">(CKB)4100000008424447</subfield>
            <subfield code="d">EBC</subfield>
            <subfield code="a">2019-06-27 19:59:22</subfield>
            <subfield code="c">false</subfield>
          </datafield>
          <datafield tag="PRT" ind1=" " ind2=" ">
            <subfield code="i">61446843650003811</subfield>
            <subfield code="updated">2019-07-17 05:31:41</subfield>
            <subfield code="e">Springer Link</subfield>
            <subfield code="c">Springer Chemistry and Materials Science eBooks 2019 English/International</subfield>
            <subfield code="created">2019-07-17 05:31:41</subfield>
            <subfield code="j">62446843640003811</subfield>
            <subfield code="a">53471147860003811</subfield>
            <subfield code="b">https://sandbox01-na.alma.exlibrisgroup.com/view/uresolver/01TULI_INST/openurl?u.ignore_date_coverage=true&amp;rft.mms_id=991037282700503811</subfield>
            <subfield code="9">Available</subfield>
            <subfield code="h">614900000000000967</subfield>
            <subfield code="8">53471147860003811</subfield>
          </datafield>
        </record>
      </metadata>
    </record>