
    <record>
      <header>
        <identifier>oai:alma.01TULI_INST:991037282700803811</identifier>
        <datestamp>2021-01-05T21:51:39Z</datestamp>
        <setSpec>blacklight</setSpec>
      </header>
      <metadata>
        <record xmlns="http://www.loc.gov/MARC21/slim" xmlns:xsi="http://www.w3.org/2001/XMLSchema-instance" xsi:schemaLocation="http://www.loc.gov/MARC21/slim http://www.loc.gov/standards/marcxml/schema/MARC21slim.xsd">
          <leader>01349nam  2200349 i 4500</leader>
          <controlfield tag="001">991037282700803811</controlfield>
          <controlfield tag="005">20200910213810.0</controlfield>
          <controlfield tag="006">m     o  d |      </controlfield>
          <controlfield tag="007">cr nn 008mamaa</controlfield>
          <controlfield tag="008">200910s2019    sz a    o     000 0 eng d</controlfield>
          <datafield tag="020" ind1=" " ind2=" ">
            <subfield code="a">3-319-95987-5</subfield>
          </datafield>
          <datafield tag="024" ind1="7" ind2=" ">
            <subfield code="a">10.1007/978-3-319-95987-0</subfield>
            <subfield code="2">doi</subfield>
          </datafield>
          <datafield tag="035" ind1=" " ind2=" ">
            <subfield code="a">(CKB)4100000008409487</subfield>
          </datafield>
          <datafield tag="035" ind1=" " ind2=" ">
            <subfield code="a">(DE-He213)978-3-319-95987-0</subfield>
          </datafield>
          <datafield tag="035" ind1=" " ind2=" ">
            <subfield code="a">(MiAaPQ)EBC5919531</subfield>
          </datafield>
          <datafield tag="035" ind1=" " ind2=" ">
            <subfield code="a">(EXLCZ)994100000008409487</subfield>
          </datafield>
          <datafield tag="040" ind1=" " ind2=" ">
            <subfield code="a">MiAaPQ</subfield>
            <subfield code="b">eng</subfield>
            <subfield code="e">rda</subfield>
            <subfield code="e">pn</subfield>
            <subfield code="c">MiAaPQ</subfield>
            <subfield code="d">MiAaPQ</subfield>
          </datafield>
          <datafield tag="050" ind1=" " ind2="4">
            <subfield code="a">QD381</subfield>
            <subfield code="b">.F863 2019</subfield>
          </datafield>
          <datafield tag="072" ind1=" " ind2="7">
            <subfield code="a">PNNP</subfield>
            <subfield code="2">bicssc</subfield>
          </datafield>
          <datafield tag="072" ind1=" " ind2="7">
            <subfield code="a">TEC055000</subfield>
            <subfield code="2">bisacsh</subfield>
          </datafield>
          <datafield tag="072" ind1=" " ind2="7">
            <subfield code="a">PNNP</subfield>
            <subfield code="2">thema</subfield>
          </datafield>
          <datafield tag="082" ind1="0" ind2=" ">
            <subfield code="a">668.9</subfield>
            <subfield code="2">23</subfield>
          </datafield>
          <datafield tag="245" ind1="0" ind2="0">
            <subfield code="a">Functional polymers /</subfield>
            <subfield code="c">Mohammad Abu Jafar Mazumder, Heather Sheardown, Amir Al-Ahmed, editors.</subfield>
          </datafield>
          <datafield tag="250" ind1=" " ind2=" ">
            <subfield code="a">1st ed. 2019.</subfield>
          </datafield>
          <datafield tag="264" ind1=" " ind2="1">
            <subfield code="a">Cham, Switzerland :</subfield>
            <subfield code="b">Springer,</subfield>
            <subfield code="c">[2019]</subfield>
          </datafield>
          <datafield tag="264" ind1=" " ind2="4">
            <subfield code="c">©2019</subfield>
          </datafield>
          <datafield tag="300" ind1=" " ind2=" ">
            <subfield code="a">1 online resource (473 illus., 221 illus. in color. eReference.) </subfield>
          </datafield>
          <datafield tag="336" ind1=" " ind2=" ">
            <subfield code="a">text</subfield>
            <subfield code="b">txt</subfield>
            <subfield code="2">rdacontent</subfield>
          </datafield>
          <datafield tag="337" ind1=" " ind2=" ">
            <subfield code="a">computer</subfield>
            <subfield code="b">c</subfield>
            <subfield code="2">rdamedia</subfield>
          </datafield>
          <datafield tag="338" ind1=" " ind2=" ">
            <subfield code="a">online resource</subfield>
            <subfield code="b">cr</subfield>
            <subfield code="2">rdacarrier</subfield>
          </datafield>
          <datafield tag="490" ind1="1" ind2=" ">
            <subfield code="a">Polymers and Polymeric Composites: A Reference Series,</subfield>
            <subfield code="x">2510-3458</subfield>
          </datafield>
          <datafield tag="505" ind1="0" ind2=" ">
            <subfield code="a">Photo-polymerization -- Polymer functionalization -- Electrochemical polymerization -- Polymer processing and rheology -- Porous coordinating polymers -- Silicone based polymers -- Polyurethane and its derivates -- Dielectric polymers -- Dendrimers -- Surface and interface -- Membrane surface modification and functionalization -- Surfactant -- Organic and inorganic hybrid composites -- Fiber reinforced composites -- Micro and nanocomposites -- Blends -- Conducting polymers and composites -- Shape memory materials -- Self-healing materials -- Drug delivery -- Optoelectronic polymers -- Electrochromic polymers for solar cells -- Textile coating -- Anticorrosive coating -- Nanocomposite as gas sensors -- Gas separation -- Proton conductions -- Desalination -- Enhanced oil recovery.</subfield>
          </datafield>
          <datafield tag="520" ind1=" " ind2=" ">
            <subfield code="a">This reference work provides a comprehensive and authoritative overview of functional polymers and polymeric materials, ranging from their synthesis and characterization, to properties, actual applications and an outlook on future perspectives. Including over 30 comprehensive review chapters, all written by leading international experts, this reference is also a sound introduction to this exciting field. The book is carefully edited by an international team of experts in the field, ensuring complete coverage of the relevant topics and concise representation. Functional polymers and smart polymeric materials play a decisive role for new innovations in all areas where new materials are needed. Optoelectronics, catalysis, biomaterials, medicine, building materials, water treatment, coatings, and many more applications rely on functional polymers. This work is a major reference for researchers, scientists, and practitioners working in any of these fields, or entering this vibrant research area. Key topics of this reference work include: Polymerization methods and polymer synthesis Characterization and properties of new functional polymers and smart materials Functional polymer composites and blends Applications of functional polymers and smart materials: for electro-optics and optoelectronics, in biology and in medical research, as coatings and adhesives, for gas sensing, in functional membranes for separation or proton conduction and many more.</subfield>
          </datafield>
          <datafield tag="588" ind1=" " ind2=" ">
            <subfield code="a">Description based on print version record.</subfield>
          </datafield>
          <datafield tag="650" ind1=" " ind2="0">
            <subfield code="a">Polymers.</subfield>
          </datafield>
          <datafield tag="655" ind1=" " ind2="4">
            <subfield code="a">Electronic books.</subfield>
          </datafield>
          <datafield tag="776" ind1=" " ind2=" ">
            <subfield code="z">3-319-95986-7</subfield>
          </datafield>
          <datafield tag="700" ind1="1" ind2=" ">
            <subfield code="a">Jafar Mazumder, Mohammad Abu,</subfield>
            <subfield code="e">editor.</subfield>
          </datafield>
          <datafield tag="700" ind1="1" ind2=" ">
            <subfield code="a">Sheardown, Heather,</subfield>
            <subfield code="e">editor.</subfield>
          </datafield>
          <datafield tag="700" ind1="1" ind2=" ">
            <subfield code="a">Al-Ahmed, Amir,</subfield>
            <subfield code="e">editor.</subfield>
          </datafield>
          <datafield tag="830" ind1=" " ind2="0">
            <subfield code="a">Polymers and Polymeric Composites: A Reference Series,</subfield>
            <subfield code="x">2510-3458</subfield>
          </datafield>
          <datafield tag="906" ind1=" " ind2=" ">
            <subfield code="a">BOOK</subfield>
          </datafield>
          <datafield tag="ADM" ind1=" " ind2=" ">
            <subfield code="b">2020-09-19 14:31:20</subfield>
            <subfield code="e">(CKB)4100000008409487</subfield>
            <subfield code="d">SPRINGER</subfield>
            <subfield code="f">20190614151209.0</subfield>
            <subfield code="a">2019-06-21 17:11:02</subfield>
            <subfield code="c">false</subfield>
          </datafield>
          <datafield tag="PRT" ind1=" " ind2=" ">
            <subfield code="i">61446843650003811</subfield>
            <subfield code="updated">2019-07-17 05:31:39</subfield>
            <subfield code="e">Springer Link</subfield>
            <subfield code="c">Springer Chemistry and Materials Science eBooks 2019 English/International</subfield>
            <subfield code="created">2019-07-17 05:31:38</subfield>
            <subfield code="j">62446843640003811</subfield>
            <subfield code="a">53471147950003811</subfield>
            <subfield code="b">https://sandbox01-na.alma.exlibrisgroup.com/view/uresolver/01TULI_INST/openurl?u.ignore_date_coverage=true&amp;rft.mms_id=991037282700803811</subfield>
            <subfield code="9">Available</subfield>
            <subfield code="h">614900000000000967</subfield>
            <subfield code="8">53471147950003811</subfield>
          </datafield>
        </record>
      </metadata>
    </record>