
    <record>
      <header>
        <identifier>oai:alma.01TULI_INST:991037282700303811</identifier>
        <datestamp>2021-01-05T21:52:13Z</datestamp>
        <setSpec>blacklight</setSpec>
      </header>
      <metadata>
        <record xmlns="http://www.loc.gov/MARC21/slim" xmlns:xsi="http://www.w3.org/2001/XMLSchema-instance" xsi:schemaLocation="http://www.loc.gov/MARC21/slim http://www.loc.gov/standards/marcxml/schema/MARC21slim.xsd">
          <leader>03628nam a22005415i 4500</leader>
          <controlfield tag="001">991037282700303811</controlfield>
          <controlfield tag="005">20190626142553.0</controlfield>
          <controlfield tag="006">m     o  d |      </controlfield>
          <controlfield tag="007">cr nn 008mamaa</controlfield>
          <controlfield tag="008">190626s2019    gw |    o    |||| 0|eng d</controlfield>
          <datafield tag="020" ind1=" " ind2=" ">
            <subfield code="a">9783030200299</subfield>
          </datafield>
          <datafield tag="020" ind1=" " ind2=" ">
            <subfield code="a">9783030200305 (e-book)</subfield>
          </datafield>
          <datafield tag="024" ind1="7" ind2=" ">
            <subfield code="a">10.1007/978-3-030-20030-5</subfield>
            <subfield code="2">doi</subfield>
          </datafield>
          <datafield tag="035" ind1=" " ind2=" ">
            <subfield code="a">(CKB)4100000008525483</subfield>
          </datafield>
          <datafield tag="035" ind1=" " ind2=" ">
            <subfield code="a">(DE-He213)978-3-030-20030-5</subfield>
          </datafield>
          <datafield tag="035" ind1=" " ind2=" ">
            <subfield code="a">(MiAaPQ)EBC5802500</subfield>
          </datafield>
          <datafield tag="035" ind1=" " ind2=" ">
            <subfield code="a">(EXLCZ)994100000008525483</subfield>
          </datafield>
          <datafield tag="050" ind1=" " ind2="4">
            <subfield code="a">TP807-823</subfield>
          </datafield>
          <datafield tag="050" ind1=" " ind2="4">
            <subfield code="a">TA418.9.C6</subfield>
          </datafield>
          <datafield tag="072" ind1=" " ind2="7">
            <subfield code="a">TDCQ</subfield>
            <subfield code="2">bicssc</subfield>
          </datafield>
          <datafield tag="072" ind1=" " ind2="7">
            <subfield code="a">TEC021000</subfield>
            <subfield code="2">bisacsh</subfield>
          </datafield>
          <datafield tag="072" ind1=" " ind2="7">
            <subfield code="a">TDC</subfield>
            <subfield code="2">thema</subfield>
          </datafield>
          <datafield tag="082" ind1="0" ind2="4">
            <subfield code="a">620.14</subfield>
            <subfield code="2">23</subfield>
          </datafield>
          <datafield tag="100" ind1="1" ind2=" ">
            <subfield code="a">Innocenzi, Plinio.</subfield>
            <subfield code="e">author.</subfield>
            <subfield code="4">aut</subfield>
            <subfield code="4">http://id.loc.gov/vocabulary/relators/aut</subfield>
          </datafield>
          <datafield tag="245" ind1="1" ind2="4">
            <subfield code="a">The Sol-to-Gel Transition</subfield>
            <subfield code="h">[electronic resource] /</subfield>
            <subfield code="c">by Plinio Innocenzi.</subfield>
          </datafield>
          <datafield tag="250" ind1=" " ind2=" ">
            <subfield code="a">2nd ed. 2019.</subfield>
          </datafield>
          <datafield tag="264" ind1=" " ind2="1">
            <subfield code="a">Cham :</subfield>
            <subfield code="b">Springer International Publishing :</subfield>
            <subfield code="b">Imprint: Springer,</subfield>
            <subfield code="c">2019.</subfield>
          </datafield>
          <datafield tag="300" ind1=" " ind2=" ">
            <subfield code="a">1 online resource (X, 100 p. 80 illus., 41 illus. in color.) </subfield>
          </datafield>
          <datafield tag="336" ind1=" " ind2=" ">
            <subfield code="a">text</subfield>
            <subfield code="b">txt</subfield>
            <subfield code="2">rdacontent</subfield>
          </datafield>
          <datafield tag="337" ind1=" " ind2=" ">
            <subfield code="a">computer</subfield>
            <subfield code="b">c</subfield>
            <subfield code="2">rdamedia</subfield>
          </datafield>
          <datafield tag="338" ind1=" " ind2=" ">
            <subfield code="a">online resource</subfield>
            <subfield code="b">cr</subfield>
            <subfield code="2">rdacarrier</subfield>
          </datafield>
          <datafield tag="490" ind1="1" ind2=" ">
            <subfield code="a">SpringerBriefs in Materials,</subfield>
            <subfield code="x">2192-1091</subfield>
          </datafield>
          <datafield tag="505" ind1="0" ind2=" ">
            <subfield code="a">Chapter1. A sol and a gel, what they are? -- Chapter2. The precursors of the sol-gel process -- Chapter3. From a sol to a gel  -- Chapter4. Sol-to-gel transition: the models -- Chapter5. From silicate oligomers to gelation -- Chapter6. Measuring the sol to gel transition -- Chapter7. Probing the sol-to-gel transition in the gel structure.</subfield>
          </datafield>
          <datafield tag="520" ind1=" " ind2=" ">
            <subfield code="a">This book provides an in-depth introduction to the sol to gel transition in inorganic and hybrid organic-inorganic systems, one of the most important chemical-physical transitions and the basis of the sol-gel process. Familiarity with the fundamental chemistry and physics of this transition is essential for students in chemistry and materials science through academic and industry researchers working on sol-gel-related applications. The book features a didactic approach, using simple and clear language to explain the sol to gel transition and the accompanying processes. The text is also suitable for use in short courses and workshops for graduate students as well as professionals. This fully revised and updated new edition contains a wealth of new content. In particular, it includes a detailed discussion of the chemistry of transition metal alkoxides and organosilanes, and an extended discussion of the sol to gel transition models.</subfield>
          </datafield>
          <datafield tag="650" ind1=" " ind2="0">
            <subfield code="a">Chemistry, Physical organic.</subfield>
          </datafield>
          <datafield tag="650" ind1=" " ind2="0">
            <subfield code="a">Engineering.</subfield>
          </datafield>
          <datafield tag="650" ind1=" " ind2="0">
            <subfield code="a">Chemistry, inorganic.</subfield>
          </datafield>
          <datafield tag="650" ind1=" " ind2="0">
            <subfield code="a">Optical materials.</subfield>
          </datafield>
          <datafield tag="650" ind1="1" ind2="4">
            <subfield code="a">Ceramics, Glass, Composites, Natural Materials.</subfield>
            <subfield code="0">http://scigraph.springernature.com/things/product-market-codes/Z18000</subfield>
          </datafield>
          <datafield tag="650" ind1="2" ind2="4">
            <subfield code="a">Physical Chemistry.</subfield>
            <subfield code="0">http://scigraph.springernature.com/things/product-market-codes/C21001</subfield>
          </datafield>
          <datafield tag="650" ind1="2" ind2="4">
            <subfield code="a">Soft and Granular Matter, Complex Fluids and Microfluidics.</subfield>
            <subfield code="0">http://scigraph.springernature.com/things/product-market-codes/P25021</subfield>
          </datafield>
          <datafield tag="650" ind1="2" ind2="4">
            <subfield code="a">Nanotechnology and Microengineering.</subfield>
            <subfield code="0">http://scigraph.springernature.com/things/product-market-codes/T18000</subfield>
          </datafield>
          <datafield tag="650" ind1="2" ind2="4">
            <subfield code="a">Inorganic Chemistry.</subfield>
            <subfield code="0">http://scigraph.springernature.com/things/product-market-codes/C16008</subfield>
          </datafield>
          <datafield tag="650" ind1="2" ind2="4">
            <subfield code="a">Optical and Electronic Materials.</subfield>
            <subfield code="0">http://scigraph.springernature.com/things/product-market-codes/Z12000</subfield>
          </datafield>
          <datafield tag="776" ind1=" " ind2=" ">
            <subfield code="z">3-030-20030-2</subfield>
          </datafield>
          <datafield tag="776" ind1=" " ind2=" ">
            <subfield code="z">3-030-20029-9</subfield>
          </datafield>
          <datafield tag="830" ind1=" " ind2="0">
            <subfield code="a">SpringerBriefs in Materials,</subfield>
            <subfield code="x">2192-1091</subfield>
          </datafield>
          <datafield tag="906" ind1=" " ind2=" ">
            <subfield code="a">BOOK</subfield>
          </datafield>
          <datafield tag="ADM" ind1=" " ind2=" ">
            <subfield code="b">2019-10-24 08:49:32</subfield>
            <subfield code="e">(CKB)4100000008525483</subfield>
            <subfield code="d">CKB</subfield>
            <subfield code="a">2019-07-14 01:45:17</subfield>
            <subfield code="c">false</subfield>
          </datafield>
          <datafield tag="PRT" ind1=" " ind2=" ">
            <subfield code="i">61446843650003811</subfield>
            <subfield code="updated">2019-07-17 05:31:43</subfield>
            <subfield code="e">Springer Link</subfield>
            <subfield code="c">Springer Chemistry and Materials Science eBooks 2019 English/International</subfield>
            <subfield code="created">2019-07-17 05:31:43</subfield>
            <subfield code="j">62446843640003811</subfield>
            <subfield code="a">53471147800003811</subfield>
            <subfield code="b">https://sandbox01-na.alma.exlibrisgroup.com/view/uresolver/01TULI_INST/openurl?u.ignore_date_coverage=true&amp;rft.mms_id=991037282700303811</subfield>
            <subfield code="9">Available</subfield>
            <subfield code="h">614900000000000967</subfield>
            <subfield code="8">53471147800003811</subfield>
          </datafield>
        </record>
      </metadata>
    </record>