
    <record>
      <header>
        <identifier>oai:alma.01TULI_INST:991037282699903811</identifier>
        <datestamp>2021-01-05T21:53:04Z</datestamp>
        <setSpec>blacklight</setSpec>
      </header>
      <metadata>
        <record xmlns="http://www.loc.gov/MARC21/slim" xmlns:xsi="http://www.w3.org/2001/XMLSchema-instance" xsi:schemaLocation="http://www.loc.gov/MARC21/slim http://www.loc.gov/standards/marcxml/schema/MARC21slim.xsd">
          <leader>04699nam a22005295i 4500</leader>
          <controlfield tag="001">991037282699903811</controlfield>
          <controlfield tag="005">20190616021321.0</controlfield>
          <controlfield tag="006">m     o  d |      </controlfield>
          <controlfield tag="007">cr cnu||||||||</controlfield>
          <controlfield tag="008">190603s2019    gw |    o    |||| 0|eng d</controlfield>
          <datafield tag="020" ind1=" " ind2=" ">
            <subfield code="a">3-030-17828-5</subfield>
          </datafield>
          <datafield tag="024" ind1="7" ind2=" ">
            <subfield code="a">10.1007/978-3-030-17828-4</subfield>
            <subfield code="2">doi</subfield>
          </datafield>
          <datafield tag="035" ind1=" " ind2=" ">
            <subfield code="a">(CKB)4100000008347158</subfield>
          </datafield>
          <datafield tag="035" ind1=" " ind2=" ">
            <subfield code="a">(MiAaPQ)EBC5784068</subfield>
          </datafield>
          <datafield tag="035" ind1=" " ind2=" ">
            <subfield code="a">(DE-He213)978-3-030-17828-4</subfield>
          </datafield>
          <datafield tag="035" ind1=" " ind2=" ">
            <subfield code="a">(EXLCZ)994100000008347158</subfield>
          </datafield>
          <datafield tag="050" ind1=" " ind2="4">
            <subfield code="a">GB400-649</subfield>
          </datafield>
          <datafield tag="072" ind1=" " ind2="7">
            <subfield code="a">RBGD</subfield>
            <subfield code="2">bicssc</subfield>
          </datafield>
          <datafield tag="072" ind1=" " ind2="7">
            <subfield code="a">SCI030000</subfield>
            <subfield code="2">bisacsh</subfield>
          </datafield>
          <datafield tag="072" ind1=" " ind2="7">
            <subfield code="a">RBGD</subfield>
            <subfield code="2">thema</subfield>
          </datafield>
          <datafield tag="082" ind1="0" ind2=" ">
            <subfield code="a">930.1</subfield>
            <subfield code="2">23</subfield>
          </datafield>
          <datafield tag="245" ind1="1" ind2="0">
            <subfield code="a">Advances in Coastal Geoarchaeology in Latin America</subfield>
            <subfield code="h">[electronic resource] :</subfield>
            <subfield code="b">Selected papers from the GEGAL Symposium at La Paloma, Uruguay /</subfield>
            <subfield code="c">edited by Hugo Inda Ferrero, Felipe García Rodríguez.</subfield>
          </datafield>
          <datafield tag="250" ind1=" " ind2=" ">
            <subfield code="a">1st ed. 2019.</subfield>
          </datafield>
          <datafield tag="264" ind1=" " ind2="1">
            <subfield code="a">Cham :</subfield>
            <subfield code="b">Springer International Publishing :</subfield>
            <subfield code="b">Imprint: Springer,</subfield>
            <subfield code="c">2019.</subfield>
          </datafield>
          <datafield tag="300" ind1=" " ind2=" ">
            <subfield code="a">1 online resource (204 pages).</subfield>
          </datafield>
          <datafield tag="336" ind1=" " ind2=" ">
            <subfield code="a">text</subfield>
            <subfield code="b">txt</subfield>
            <subfield code="2">rdacontent</subfield>
          </datafield>
          <datafield tag="337" ind1=" " ind2=" ">
            <subfield code="a">computer</subfield>
            <subfield code="b">c</subfield>
            <subfield code="2">rdamedia</subfield>
          </datafield>
          <datafield tag="338" ind1=" " ind2=" ">
            <subfield code="a">online resource</subfield>
            <subfield code="b">cr</subfield>
            <subfield code="2">rdacarrier</subfield>
          </datafield>
          <datafield tag="490" ind1="1" ind2=" ">
            <subfield code="a">The Latin American Studies Book Series,</subfield>
            <subfield code="x">2366-3421</subfield>
          </datafield>
          <datafield tag="505" ind1="0" ind2=" ">
            <subfield code="a">Chapter 1. Human Occupation Chronologies Modeled By Geomorphological Factors: A Case Study From The Atlantic Coast Of North Patagonia (Argentina) -- Chapter 2. A Basin Wide Assessment Of Natural Dynamics And Modern Human Impacts On The Visibility And Conservation Of Coastal Archaeological Sites In The Atlantic Coast Of Uruguay -- Chapter 3. Osl Dating Of Lagoon Geoforms As Proxies Of Marine Levels For The Upper Holocene -- Chapter 4. Geoarchaeology And Historical Archeology In Pelourinho, Salvador, Brazil: Settlement, Landscape And Hypotheses -- Chapter 5. The Geoarchaeology Of Intertidal Shipwreck Sites: Case-Studies From Highly Dynamic Settings In Southern Brazil, Argentina And Uruguay -- Chapter 6. Dunes As Units Of Preservation Of The Archaeological Record In The North Coast Of San Matías Gulf, Province Of Río Negro (Argentina) -- Chapter 7. Mounds And Landscape In The Merín Lagoon Basin -- Chapter 8. Record Of Late Holocene Human Occupations In Coastal Deposits Of The Middle Uruguay River -- Chapter 9. Archaeomagnetism Applied To Ceramics From Coastal Archaeological Sites In Uruguay -- Chapter 10. Site Formation Processes Since The Early Holocene In A Planosol Sequence From The Laguna Negra Basin.</subfield>
          </datafield>
          <datafield tag="520" ind1=" " ind2=" ">
            <subfield code="a">This book introduces selected contributions from the GEGAL (Spanish acronym for Latin American Geoarchaeological Studies Group) Workshop held at La Paloma Beach, Uruguay, with a focus on Coastal Geoarchaeology, and an attendance of more than 50 researchers, students and professionals from several Latin American countries. The contributions were selected in order to encompass the vast array of environmental, geomorphological and archaeological contexts comprised in the geographical frame of Latin America. Topics covered through the chapters include specific issues such as human occupation and fluvial dynamic processes in mountain and lowland environments, methodological developments in dating methods, taphonomy and chemical proxies, as well as landscape modification by anthropogenic disturbances. As the first compilation of Coastal Geoarchaeology for Latin America, this book is intended to become a useful tool for students, researchers and professionals from related fields, as it comprises not only the regional state of the art, but also new insights and developments which can be potentially applied to other contexts world wide.</subfield>
          </datafield>
          <datafield tag="650" ind1=" " ind2="0">
            <subfield code="a">Archaeology.</subfield>
          </datafield>
          <datafield tag="650" ind1=" " ind2="0">
            <subfield code="a">Geology.</subfield>
          </datafield>
          <datafield tag="650" ind1=" " ind2="0">
            <subfield code="a">Ecology.</subfield>
          </datafield>
          <datafield tag="650" ind1="1" ind2="4">
            <subfield code="a">Geomorphology.</subfield>
            <subfield code="0">http://scigraph.springernature.com/things/product-market-codes/J16010</subfield>
          </datafield>
          <datafield tag="650" ind1="2" ind2="4">
            <subfield code="a">Archaeology.</subfield>
            <subfield code="0">http://scigraph.springernature.com/things/product-market-codes/X13000</subfield>
          </datafield>
          <datafield tag="650" ind1="2" ind2="4">
            <subfield code="a">Geology.</subfield>
            <subfield code="0">http://scigraph.springernature.com/things/product-market-codes/G17002</subfield>
          </datafield>
          <datafield tag="650" ind1="2" ind2="4">
            <subfield code="a">Coastal Sciences.</subfield>
            <subfield code="0">http://scigraph.springernature.com/things/product-market-codes/G35020</subfield>
          </datafield>
          <datafield tag="650" ind1="2" ind2="4">
            <subfield code="a">Geoecology/Natural Processes.</subfield>
            <subfield code="0">http://scigraph.springernature.com/things/product-market-codes/U21006</subfield>
          </datafield>
          <datafield tag="776" ind1=" " ind2=" ">
            <subfield code="z">3-030-17827-7</subfield>
          </datafield>
          <datafield tag="700" ind1="1" ind2=" ">
            <subfield code="a">Inda Ferrero, Hugo.</subfield>
            <subfield code="e">editor.</subfield>
            <subfield code="4">edt</subfield>
            <subfield code="4">http://id.loc.gov/vocabulary/relators/edt</subfield>
          </datafield>
          <datafield tag="700" ind1="1" ind2=" ">
            <subfield code="a">García Rodríguez, Felipe.</subfield>
            <subfield code="e">editor.</subfield>
            <subfield code="4">edt</subfield>
            <subfield code="4">http://id.loc.gov/vocabulary/relators/edt</subfield>
          </datafield>
          <datafield tag="830" ind1=" " ind2="0">
            <subfield code="a">The Latin American Studies Book Series,</subfield>
            <subfield code="x">2366-3421</subfield>
          </datafield>
          <datafield tag="906" ind1=" " ind2=" ">
            <subfield code="a">BOOK</subfield>
          </datafield>
          <datafield tag="ADM" ind1=" " ind2=" ">
            <subfield code="b">2019-10-24 22:41:42</subfield>
            <subfield code="e">(CKB)4100000008347158</subfield>
            <subfield code="d">SPRINGER</subfield>
            <subfield code="f">20190616021321.0</subfield>
            <subfield code="a">2019-06-08 20:26:08</subfield>
            <subfield code="c">false</subfield>
          </datafield>
          <datafield tag="PRT" ind1=" " ind2=" ">
            <subfield code="i">61446997140003811</subfield>
            <subfield code="updated">2019-07-17 05:33:03</subfield>
            <subfield code="e">Springer Link</subfield>
            <subfield code="c">Springer Earth and Environmental Science eBooks 2019 English/International</subfield>
            <subfield code="created">2019-07-17 05:33:03</subfield>
            <subfield code="j">62446997130003811</subfield>
            <subfield code="a">53471147600003811</subfield>
            <subfield code="b">https://sandbox01-na.alma.exlibrisgroup.com/view/uresolver/01TULI_INST/openurl?u.ignore_date_coverage=true&amp;rft.mms_id=991037282699903811</subfield>
            <subfield code="9">Available</subfield>
            <subfield code="h">614900000000000969</subfield>
            <subfield code="8">53471147600003811</subfield>
          </datafield>
        </record>
      </metadata>
    </record>