
    <record>
      <header>
        <identifier>oai:alma.01TULI_INST:991037282699603811</identifier>
        <datestamp>2021-01-05T21:53:24Z</datestamp>
        <setSpec>blacklight</setSpec>
      </header>
      <metadata>
        <record xmlns="http://www.loc.gov/MARC21/slim" xmlns:xsi="http://www.w3.org/2001/XMLSchema-instance" xsi:schemaLocation="http://www.loc.gov/MARC21/slim http://www.loc.gov/standards/marcxml/schema/MARC21slim.xsd">
          <leader>04422nam a22005175i 4500</leader>
          <controlfield tag="001">991037282699603811</controlfield>
          <controlfield tag="005">20190903021216.0</controlfield>
          <controlfield tag="006">m     o  d |      </controlfield>
          <controlfield tag="007">cr#cnu||||||||</controlfield>
          <controlfield tag="008">190605s2019    gw |    o    |||| 0|eng d</controlfield>
          <datafield tag="020" ind1=" " ind2=" ">
            <subfield code="a">9783030059347</subfield>
          </datafield>
          <datafield tag="020" ind1=" " ind2=" ">
            <subfield code="a">3-030-05934-0</subfield>
          </datafield>
          <datafield tag="024" ind1="7" ind2=" ">
            <subfield code="a">10.1007/978-3-030-05934-7</subfield>
            <subfield code="2">doi</subfield>
          </datafield>
          <datafield tag="035" ind1=" " ind2=" ">
            <subfield code="a">(CKB)4100000008402989</subfield>
          </datafield>
          <datafield tag="035" ind1=" " ind2=" ">
            <subfield code="a">(MiAaPQ)EBC5785377</subfield>
          </datafield>
          <datafield tag="035" ind1=" " ind2=" ">
            <subfield code="a">(DE-He213)978-3-030-05934-7</subfield>
          </datafield>
          <datafield tag="035" ind1=" " ind2=" ">
            <subfield code="a">(EXLCZ)994100000008402989</subfield>
          </datafield>
          <datafield tag="050" ind1=" " ind2="4">
            <subfield code="a">QC902.8-903.2</subfield>
          </datafield>
          <datafield tag="072" ind1=" " ind2="7">
            <subfield code="a">RNPG</subfield>
            <subfield code="2">bicssc</subfield>
          </datafield>
          <datafield tag="072" ind1=" " ind2="7">
            <subfield code="a">SCI026000</subfield>
            <subfield code="2">bisacsh</subfield>
          </datafield>
          <datafield tag="072" ind1=" " ind2="7">
            <subfield code="a">RNPG</subfield>
            <subfield code="2">thema</subfield>
          </datafield>
          <datafield tag="082" ind1="0" ind2=" ">
            <subfield code="a">627.4</subfield>
            <subfield code="2">23</subfield>
          </datafield>
          <datafield tag="100" ind1="1" ind2=" ">
            <subfield code="a">Bignami, Daniele Fabrizio.</subfield>
            <subfield code="e">author.</subfield>
            <subfield code="4">aut</subfield>
            <subfield code="4">http://id.loc.gov/vocabulary/relators/aut</subfield>
          </datafield>
          <datafield tag="245" ind1="1" ind2="0">
            <subfield code="a">Flood Proofing in Urban Areas</subfield>
            <subfield code="h">[electronic resource] /</subfield>
            <subfield code="c">by Daniele Fabrizio Bignami, Renzo Rosso, Umberto Sanfilippo.</subfield>
          </datafield>
          <datafield tag="250" ind1=" " ind2=" ">
            <subfield code="a">1st ed. 2019.</subfield>
          </datafield>
          <datafield tag="264" ind1=" " ind2="1">
            <subfield code="a">Cham :</subfield>
            <subfield code="b">Springer International Publishing :</subfield>
            <subfield code="b">Imprint: Springer,</subfield>
            <subfield code="c">2019.</subfield>
          </datafield>
          <datafield tag="300" ind1=" " ind2=" ">
            <subfield code="a">1 online resource (279 pages)</subfield>
          </datafield>
          <datafield tag="336" ind1=" " ind2=" ">
            <subfield code="a">text</subfield>
            <subfield code="b">txt</subfield>
            <subfield code="2">rdacontent</subfield>
          </datafield>
          <datafield tag="337" ind1=" " ind2=" ">
            <subfield code="a">computer</subfield>
            <subfield code="b">c</subfield>
            <subfield code="2">rdamedia</subfield>
          </datafield>
          <datafield tag="338" ind1=" " ind2=" ">
            <subfield code="a">online resource</subfield>
            <subfield code="b">cr</subfield>
            <subfield code="2">rdacarrier</subfield>
          </datafield>
          <datafield tag="505" ind1="0" ind2=" ">
            <subfield code="a">Chapter 1. Introduction -- Chapter 2. Flood Impact on Buildings -- Chapter 3. Flood Impact on Human Beings Stability -- Chapter 4. Flood Impact on Mobilizable Objects -- Chapter 5. Global Criteria for Impact Estimation -- Chapter 6. Hydrodynamic Criteria for Impact Evaluation -- Chapter 7. Flood Proofing Methods -- Chapter 8. Temporary flood proofing techniques planning -- Chapter 9. Temporary flood proofing devices analysis -- Chapter 10. Tests, Guidelines and Norms.</subfield>
          </datafield>
          <datafield tag="520" ind1=" " ind2=" ">
            <subfield code="a">Flood control in urban areas can be feasibly and cost-effectively enhanced by implementing flood proofing approaches to risk reduction in the context of environmental and land-use planning and management. Indeed, flood proofing makes it possible to improve, integrate and in some cases even replace traditional measures for flood control, reducing the vulnerability and increasing the resilience of buildings and infrastructures. This book begins by reviewing the physics of stability and instability of both human beings and buildings under flood conditions, together with criteria and models (both conventional and innovative) for assessing flood strains. In turn, it presents a range of flood proofing concepts and techniques, together with a complete and updated classification of related methods and devices. This provides a user-friendly tool to help identify appropriate solutions to real-world problems for each specific risk scenario. In particular, the book focuses on temporary flood proofing techniques, given their ability to deliver effective performance at low costs. Lastly, it features an overview of norms, guidelines and laboratory recommendations that are currently being adopted in various countries with regard to flood proofing devices and testing procedures. The purpose of this book is essentially to encourage authorities, stakeholders, technicians and end users to successfully develop flood proofing solutions that can reduce flood risk in a pragmatic manner. In addition, the authors hope to inspire researchers, manufacturers and designers (engineers, architects, urban planners and urban managers) to pursue further advances in this key sector of public and private safety in urban areas.</subfield>
          </datafield>
          <datafield tag="650" ind1=" " ind2="0">
            <subfield code="a">Climatic changes.</subfield>
          </datafield>
          <datafield tag="650" ind1=" " ind2="0">
            <subfield code="a">Geology.</subfield>
          </datafield>
          <datafield tag="650" ind1=" " ind2="0">
            <subfield code="a">Architecture.</subfield>
          </datafield>
          <datafield tag="650" ind1=" " ind2="0">
            <subfield code="a">Sustainable development.</subfield>
          </datafield>
          <datafield tag="650" ind1="1" ind2="4">
            <subfield code="a">Climate Change.</subfield>
            <subfield code="0">http://scigraph.springernature.com/things/product-market-codes/U12007</subfield>
          </datafield>
          <datafield tag="650" ind1="2" ind2="4">
            <subfield code="a">Environmental Science and Engineering.</subfield>
            <subfield code="0">http://scigraph.springernature.com/things/product-market-codes/G37000</subfield>
          </datafield>
          <datafield tag="650" ind1="2" ind2="4">
            <subfield code="a">Natural Hazards.</subfield>
            <subfield code="0">http://scigraph.springernature.com/things/product-market-codes/G32000</subfield>
          </datafield>
          <datafield tag="650" ind1="2" ind2="4">
            <subfield code="a">Urbanism.</subfield>
            <subfield code="0">http://scigraph.springernature.com/things/product-market-codes/K18006</subfield>
          </datafield>
          <datafield tag="650" ind1="2" ind2="4">
            <subfield code="a">Sustainable Development.</subfield>
            <subfield code="0">http://scigraph.springernature.com/things/product-market-codes/U34000</subfield>
          </datafield>
          <datafield tag="776" ind1=" " ind2=" ">
            <subfield code="z">3-030-05933-2</subfield>
          </datafield>
          <datafield tag="700" ind1="1" ind2=" ">
            <subfield code="a">Rosso, Renzo.</subfield>
            <subfield code="e">author.</subfield>
            <subfield code="4">aut</subfield>
            <subfield code="4">http://id.loc.gov/vocabulary/relators/aut</subfield>
          </datafield>
          <datafield tag="700" ind1="1" ind2=" ">
            <subfield code="a">Sanfilippo, Umberto.</subfield>
            <subfield code="e">author.</subfield>
            <subfield code="4">aut</subfield>
            <subfield code="4">http://id.loc.gov/vocabulary/relators/aut</subfield>
          </datafield>
          <datafield tag="906" ind1=" " ind2=" ">
            <subfield code="a">BOOK</subfield>
          </datafield>
          <datafield tag="ADM" ind1=" " ind2=" ">
            <subfield code="b">2019-10-24 22:49:23</subfield>
            <subfield code="e">(CKB)4100000008402989</subfield>
            <subfield code="d">SPRINGER</subfield>
            <subfield code="f">20190618091350.0</subfield>
            <subfield code="a">2019-06-21 17:11:02</subfield>
            <subfield code="c">false</subfield>
          </datafield>
          <datafield tag="PRT" ind1=" " ind2=" ">
            <subfield code="i">61446997140003811</subfield>
            <subfield code="updated">2019-07-17 05:33:06</subfield>
            <subfield code="e">Springer Link</subfield>
            <subfield code="c">Springer Earth and Environmental Science eBooks 2019 English/International</subfield>
            <subfield code="created">2019-07-17 05:33:06</subfield>
            <subfield code="j">62446997130003811</subfield>
            <subfield code="a">53471147510003811</subfield>
            <subfield code="b">https://sandbox01-na.alma.exlibrisgroup.com/view/uresolver/01TULI_INST/openurl?u.ignore_date_coverage=true&amp;rft.mms_id=991037282699603811</subfield>
            <subfield code="9">Available</subfield>
            <subfield code="h">614900000000000969</subfield>
            <subfield code="8">53471147510003811</subfield>
          </datafield>
        </record>
      </metadata>
    </record>