
    <record>
      <header>
        <identifier>oai:alma.01TULI_INST:991037282703603811</identifier>
        <datestamp>2021-01-05T21:52:13Z</datestamp>
        <setSpec>blacklight</setSpec>
      </header>
      <metadata>
        <record xmlns="http://www.loc.gov/MARC21/slim" xmlns:xsi="http://www.w3.org/2001/XMLSchema-instance" xsi:schemaLocation="http://www.loc.gov/MARC21/slim http://www.loc.gov/standards/marcxml/schema/MARC21slim.xsd">
          <leader>03411nam a22004575i 4500</leader>
          <controlfield tag="001">991037282703603811</controlfield>
          <controlfield tag="005">20190620002452.0</controlfield>
          <controlfield tag="006">m     o  d |      </controlfield>
          <controlfield tag="007">cr nn 008mamaa</controlfield>
          <controlfield tag="008">190618s2019    gw |    o    |||| 0|eng d</controlfield>
          <datafield tag="020" ind1=" " ind2=" ">
            <subfield code="a">3-030-22860-6</subfield>
          </datafield>
          <datafield tag="024" ind1="7" ind2=" ">
            <subfield code="a">10.1007/978-3-030-22860-6</subfield>
            <subfield code="2">doi</subfield>
          </datafield>
          <datafield tag="035" ind1=" " ind2=" ">
            <subfield code="a">(CKB)4100000008493493</subfield>
          </datafield>
          <datafield tag="035" ind1=" " ind2=" ">
            <subfield code="a">(DE-He213)978-3-030-22860-6</subfield>
          </datafield>
          <datafield tag="035" ind1=" " ind2=" ">
            <subfield code="a">(MiAaPQ)EBC5793809</subfield>
          </datafield>
          <datafield tag="035" ind1=" " ind2=" ">
            <subfield code="a">(EXLCZ)994100000008493493</subfield>
          </datafield>
          <datafield tag="050" ind1=" " ind2="4">
            <subfield code="a">TA177.4-185</subfield>
          </datafield>
          <datafield tag="072" ind1=" " ind2="7">
            <subfield code="a">TBC</subfield>
            <subfield code="2">bicssc</subfield>
          </datafield>
          <datafield tag="072" ind1=" " ind2="7">
            <subfield code="a">TEC000000</subfield>
            <subfield code="2">bisacsh</subfield>
          </datafield>
          <datafield tag="072" ind1=" " ind2="7">
            <subfield code="a">TBC</subfield>
            <subfield code="2">thema</subfield>
          </datafield>
          <datafield tag="072" ind1=" " ind2="7">
            <subfield code="a">KJMV</subfield>
            <subfield code="2">thema</subfield>
          </datafield>
          <datafield tag="082" ind1="0" ind2="4">
            <subfield code="a">658.5</subfield>
            <subfield code="2">23</subfield>
          </datafield>
          <datafield tag="100" ind1="1" ind2=" ">
            <subfield code="a">Rüttimann, Bruno G.</subfield>
            <subfield code="e">author.</subfield>
            <subfield code="4">aut</subfield>
            <subfield code="4">http://id.loc.gov/vocabulary/relators/aut</subfield>
          </datafield>
          <datafield tag="245" ind1="1" ind2="0">
            <subfield code="a">Transactional Lean: Preparing for the Digitalization Era</subfield>
            <subfield code="h">[electronic resource] :</subfield>
            <subfield code="b">A Systematic Approach to Industrialize Office Processes /</subfield>
            <subfield code="c">by Bruno G. Rüttimann.</subfield>
          </datafield>
          <datafield tag="250" ind1=" " ind2=" ">
            <subfield code="a">1st ed. 2019.</subfield>
          </datafield>
          <datafield tag="264" ind1=" " ind2="1">
            <subfield code="a">Cham :</subfield>
            <subfield code="b">Springer International Publishing :</subfield>
            <subfield code="b">Imprint: Springer,</subfield>
            <subfield code="c">2019.</subfield>
          </datafield>
          <datafield tag="300" ind1=" " ind2=" ">
            <subfield code="a">1 online resource (XVII, 116 p. 70 illus., 64 illus. in color.) </subfield>
          </datafield>
          <datafield tag="336" ind1=" " ind2=" ">
            <subfield code="a">text</subfield>
            <subfield code="b">txt</subfield>
            <subfield code="2">rdacontent</subfield>
          </datafield>
          <datafield tag="337" ind1=" " ind2=" ">
            <subfield code="a">computer</subfield>
            <subfield code="b">c</subfield>
            <subfield code="2">rdamedia</subfield>
          </datafield>
          <datafield tag="338" ind1=" " ind2=" ">
            <subfield code="a">online resource</subfield>
            <subfield code="b">cr</subfield>
            <subfield code="2">rdacarrier</subfield>
          </datafield>
          <datafield tag="505" ind1="0" ind2=" ">
            <subfield code="a">Introduction -- Insights and Prerequisites for Lean Office -- The Office-adapted Lean Tool System -- Office Cell Design -- Implementing the Lean Office -- Some Additional Aphorism.</subfield>
          </datafield>
          <datafield tag="520" ind1=" " ind2=" ">
            <subfield code="a">More than 70% of people are working in offices or service industries still applying inefficient processes bearing Muda. However, they are not yet conscious that digitalization will change their life. Whereas during the last years many manufacturing shopfloors have been optimized according to Lean principles preparing for Industry 4.0, Lean management initiatives in the offices often failed or have not exploited the full potential of Lean. The causes might be attributable to the fact that Lean Office initiatives seldom went beyond 5S, VSM, and searching for the seven wastes – they lacked the holistic integrated approach; indeed, how to apply TPM, SMED, or flow on pull in office processes? This book goes beyond searching for Muda by Gemba walk; the aim is to industrialize the office environment in view of the new digitalization challenge by applying the same principles of Lean industry. Whereas the basic process theory remains valid, the Lean tools have to be adapted and transposed to the office characteristics where not machines but employees are at the center of the transactions. Here, a new, already successfully applied, integrated, industry-derived, and systematic approach is presented. It will not only boost office effectiveness and productivity as well as shortening lead-time of office routines far beyond simple Muda elimination, but it will also prepare the processes in view of the upcoming digitalization era.</subfield>
          </datafield>
          <datafield tag="650" ind1=" " ind2="0">
            <subfield code="a">Engineering economy.</subfield>
          </datafield>
          <datafield tag="650" ind1=" " ind2="0">
            <subfield code="a">Production management.</subfield>
          </datafield>
          <datafield tag="650" ind1="1" ind2="4">
            <subfield code="a">Engineering Economics, Organization, Logistics, Marketing.</subfield>
            <subfield code="0">http://scigraph.springernature.com/things/product-market-codes/T22016</subfield>
          </datafield>
          <datafield tag="650" ind1="2" ind2="4">
            <subfield code="a">Production.</subfield>
            <subfield code="0">http://scigraph.springernature.com/things/product-market-codes/519010</subfield>
          </datafield>
          <datafield tag="776" ind1=" " ind2=" ">
            <subfield code="z">3-030-22859-2</subfield>
          </datafield>
          <datafield tag="906" ind1=" " ind2=" ">
            <subfield code="a">BOOK</subfield>
          </datafield>
          <datafield tag="ADM" ind1=" " ind2=" ">
            <subfield code="b">2019-10-24 22:53:51</subfield>
            <subfield code="e">(CKB)4100000008493493</subfield>
            <subfield code="d">EBC</subfield>
            <subfield code="a">2019-07-06 20:15:01</subfield>
            <subfield code="c">false</subfield>
          </datafield>
          <datafield tag="PRT" ind1=" " ind2=" ">
            <subfield code="i">61446989700003811</subfield>
            <subfield code="updated">2019-07-17 05:31:16</subfield>
            <subfield code="e">Springer Link</subfield>
            <subfield code="c">Springer Engineering eBooks 2019 English/International</subfield>
            <subfield code="created">2019-07-17 05:31:16</subfield>
            <subfield code="j">62446989690003811</subfield>
            <subfield code="a">53471148790003811</subfield>
            <subfield code="b">https://sandbox01-na.alma.exlibrisgroup.com/view/uresolver/01TULI_INST/openurl?u.ignore_date_coverage=true&amp;rft.mms_id=991037282703603811</subfield>
            <subfield code="9">Available</subfield>
            <subfield code="h">614900000000000973</subfield>
            <subfield code="8">53471148790003811</subfield>
          </datafield>
        </record>
      </metadata>
    </record>