
    <record>
      <header>
        <identifier>oai:alma.01TULI_INST:991037282704403811</identifier>
        <datestamp>2021-01-05T21:53:04Z</datestamp>
        <setSpec>blacklight</setSpec>
      </header>
      <metadata>
        <record xmlns="http://www.loc.gov/MARC21/slim" xmlns:xsi="http://www.w3.org/2001/XMLSchema-instance" xsi:schemaLocation="http://www.loc.gov/MARC21/slim http://www.loc.gov/standards/marcxml/schema/MARC21slim.xsd">
          <leader>01513nam  2200337 i 4500</leader>
          <controlfield tag="001">991037282704403811</controlfield>
          <controlfield tag="005">20201113160830.0</controlfield>
          <controlfield tag="006">m     o  d |      </controlfield>
          <controlfield tag="007">cr nn 008mamaa</controlfield>
          <controlfield tag="008">201113s2019    sz a    o     001 0 eng d</controlfield>
          <datafield tag="020" ind1=" " ind2=" ">
            <subfield code="a">3-030-20309-3</subfield>
          </datafield>
          <datafield tag="024" ind1="7" ind2=" ">
            <subfield code="a">10.1007/978-3-030-20309-2</subfield>
            <subfield code="2">doi</subfield>
          </datafield>
          <datafield tag="035" ind1=" " ind2=" ">
            <subfield code="a">(CKB)4100000008424379</subfield>
          </datafield>
          <datafield tag="035" ind1=" " ind2=" ">
            <subfield code="a">(DE-He213)978-3-030-20309-2</subfield>
          </datafield>
          <datafield tag="035" ind1=" " ind2=" ">
            <subfield code="a">(MiAaPQ)EBC5926578</subfield>
          </datafield>
          <datafield tag="035" ind1=" " ind2=" ">
            <subfield code="a">(EXLCZ)994100000008424379</subfield>
          </datafield>
          <datafield tag="040" ind1=" " ind2=" ">
            <subfield code="a">MiAaPQ</subfield>
            <subfield code="b">eng</subfield>
            <subfield code="e">rda</subfield>
            <subfield code="e">pn</subfield>
            <subfield code="c">MiAaPQ</subfield>
            <subfield code="d">MiAaPQ</subfield>
          </datafield>
          <datafield tag="050" ind1=" " ind2="4">
            <subfield code="a">QA76.76.I58</subfield>
            <subfield code="b">.C376 2019</subfield>
          </datafield>
          <datafield tag="072" ind1=" " ind2="7">
            <subfield code="a">GPFC</subfield>
            <subfield code="2">bicssc</subfield>
          </datafield>
          <datafield tag="072" ind1=" " ind2="7">
            <subfield code="a">TEC000000</subfield>
            <subfield code="2">bisacsh</subfield>
          </datafield>
          <datafield tag="072" ind1=" " ind2="7">
            <subfield code="a">GPFC</subfield>
            <subfield code="2">thema</subfield>
          </datafield>
          <datafield tag="082" ind1="0" ind2=" ">
            <subfield code="a">006.30285436</subfield>
            <subfield code="2">23</subfield>
          </datafield>
          <datafield tag="245" ind1="0" ind2="0">
            <subfield code="a">Complex Adaptive Systems :</subfield>
            <subfield code="b">Views from the Physical, Natural, and Social Sciences /</subfield>
            <subfield code="c">Ted Carmichael, Andrew J. Collins, and Mirsad Hadzikadic.</subfield>
          </datafield>
          <datafield tag="250" ind1=" " ind2=" ">
            <subfield code="a">1st ed. 2019.</subfield>
          </datafield>
          <datafield tag="264" ind1=" " ind2="1">
            <subfield code="a">Cham, Switzerland :</subfield>
            <subfield code="b">Springer International Publishing AG,</subfield>
            <subfield code="c">2019.</subfield>
          </datafield>
          <datafield tag="300" ind1=" " ind2=" ">
            <subfield code="a">1 online resource (VIII, 250 p. 76 illus., 55 illus. in color.) </subfield>
          </datafield>
          <datafield tag="336" ind1=" " ind2=" ">
            <subfield code="a">text</subfield>
            <subfield code="b">txt</subfield>
            <subfield code="2">rdacontent</subfield>
          </datafield>
          <datafield tag="337" ind1=" " ind2=" ">
            <subfield code="a">computer</subfield>
            <subfield code="b">c</subfield>
            <subfield code="2">rdamedia</subfield>
          </datafield>
          <datafield tag="338" ind1=" " ind2=" ">
            <subfield code="a">online resource</subfield>
            <subfield code="b">cr</subfield>
            <subfield code="2">rdacarrier</subfield>
          </datafield>
          <datafield tag="490" ind1="1" ind2=" ">
            <subfield code="a">Understanding Complex Systems,</subfield>
            <subfield code="x">1860-0832</subfield>
          </datafield>
          <datafield tag="505" ind1="0" ind2=" ">
            <subfield code="a">The Fundamentals of Complex Adaptive Systems -- A Cognitive-Consistency Based Model of Population Wide Attitude Change -- An Application of Agent Based Social Modeling in the DoD -- Agent Based Behavior Precursor Model of Insider IT Sabotage -- Formal Measures of Dynamical Properties: Tipping Points, Robustness, and Sustainability -- Identifying Unexpected Behaviors of Agent-based Models through Spatial Plots and Heat Maps -- Simulating the Ridesharing Economy: The Individual Agent Metro-Washington Area Ridesharing Model (IAMWARM) -- Stigmergy for Biological Spatial Modeling -- Strategic group formation in the El Farol bar problem -- SwarmFSTaxis: Borrowing a Swarm Communication Mechanism from Fireflies and Slime Mold -- Teaching Complexity as Transdisciplinarity.</subfield>
          </datafield>
          <datafield tag="520" ind1=" " ind2=" ">
            <subfield code="a">This book emerged out of international conferences organized as part of the AAAI Fall Symposia series, and the Swarmfest 2017 conference. It brings together researchers from diverse fields studying these complex systems using CAS and agent-based modeling tools and techniques. In the past, the knowledge gained in each domain has largely remained exclusive to that domain. By bringing together scholars who study these phenomena, the book takes knowledge from one domain to provide insight into others. Most interesting phenomena in natural and social systems include constant transitions and oscillations among their various phases – wars, companies, societies, markets, and humans rarely stay in a stable, predictable state for long. Randomness, power laws, and human behavior ensure that the future is both unknown and challenging. How do events unfold? When do they take hold? Why do some initial events cause an avalanche while others do not? What characterizes these events? What are the thresholds that differentiate a sea change from a non-event? Complex adaptive systems (CAS) have proven to be a powerful tool for exploring these and other related phenomena. The authors characterize a general CAS model as having a large number of self-similar agents that: 1) utilize one or more levels of feedback; 2) exhibit emergent properties and self-organization; and 3) produce non-linear dynamic behavior. Advances in modeling and computing technology have led not only to a deeper understanding of complex systems in many areas, but they have also raised the possibility that similar fundamental principles may be at work across these systems, even though the underlying principles may manifest themselves differently.</subfield>
          </datafield>
          <datafield tag="588" ind1=" " ind2=" ">
            <subfield code="a">Description based on print version record.</subfield>
          </datafield>
          <datafield tag="500" ind1=" " ind2=" ">
            <subfield code="a">Includes index.</subfield>
          </datafield>
          <datafield tag="650" ind1=" " ind2="0">
            <subfield code="a">Swarm intelligence.</subfield>
          </datafield>
          <datafield tag="650" ind1=" " ind2="0">
            <subfield code="a">Computational complexity.</subfield>
          </datafield>
          <datafield tag="655" ind1=" " ind2="4">
            <subfield code="a">Electronic books.</subfield>
          </datafield>
          <datafield tag="776" ind1=" " ind2=" ">
            <subfield code="z">3-030-20307-7</subfield>
          </datafield>
          <datafield tag="700" ind1="1" ind2=" ">
            <subfield code="a">Carmichael, Ted; Collins, Andrew J. &amp; Hadzikadic, Mirsad,</subfield>
            <subfield code="e">editor.</subfield>
          </datafield>
          <datafield tag="830" ind1=" " ind2="0">
            <subfield code="a">Understanding Complex Systems,</subfield>
            <subfield code="x">1860-0832</subfield>
          </datafield>
          <datafield tag="906" ind1=" " ind2=" ">
            <subfield code="a">BOOK</subfield>
          </datafield>
          <datafield tag="ADM" ind1=" " ind2=" ">
            <subfield code="b">2020-12-01 12:06:21</subfield>
            <subfield code="e">(CKB)4100000008424379</subfield>
            <subfield code="d">SPRINGER</subfield>
            <subfield code="f">20190614124617.0</subfield>
            <subfield code="a">2019-06-27 19:59:22</subfield>
            <subfield code="c">false</subfield>
          </datafield>
          <datafield tag="PRT" ind1=" " ind2=" ">
            <subfield code="i">61446989700003811</subfield>
            <subfield code="updated">2019-07-17 05:31:07</subfield>
            <subfield code="e">Springer Link</subfield>
            <subfield code="c">Springer Engineering eBooks 2019 English/International</subfield>
            <subfield code="created">2019-07-17 05:31:07</subfield>
            <subfield code="j">62446989690003811</subfield>
            <subfield code="a">53471149030003811</subfield>
            <subfield code="b">https://sandbox01-na.alma.exlibrisgroup.com/view/uresolver/01TULI_INST/openurl?u.ignore_date_coverage=true&amp;rft.mms_id=991037282704403811</subfield>
            <subfield code="9">Available</subfield>
            <subfield code="h">614900000000000973</subfield>
            <subfield code="8">53471149030003811</subfield>
          </datafield>
        </record>
      </metadata>
    </record>