
    <record>
      <header>
        <identifier>oai:alma.01TULI_INST:991037282704103811</identifier>
        <datestamp>2021-01-05T21:52:56Z</datestamp>
        <setSpec>blacklight</setSpec>
      </header>
      <metadata>
        <record xmlns="http://www.loc.gov/MARC21/slim" xmlns:xsi="http://www.w3.org/2001/XMLSchema-instance" xsi:schemaLocation="http://www.loc.gov/MARC21/slim http://www.loc.gov/standards/marcxml/schema/MARC21slim.xsd">
          <leader>01300nam  2200325 i 4500</leader>
          <controlfield tag="001">991037282704103811</controlfield>
          <controlfield tag="005">20200910130419.0</controlfield>
          <controlfield tag="006">m     o  d |      </controlfield>
          <controlfield tag="007">cr nn 008mamaa</controlfield>
          <controlfield tag="008">200910s2019    sz      o     000 0 eng d</controlfield>
          <datafield tag="020" ind1=" " ind2=" ">
            <subfield code="a">3-030-20397-2</subfield>
          </datafield>
          <datafield tag="024" ind1="7" ind2=" ">
            <subfield code="a">10.1007/978-3-030-20397-9</subfield>
            <subfield code="2">doi</subfield>
          </datafield>
          <datafield tag="035" ind1=" " ind2=" ">
            <subfield code="a">(CKB)4100000008424483</subfield>
          </datafield>
          <datafield tag="035" ind1=" " ind2=" ">
            <subfield code="a">(DE-He213)978-3-030-20397-9</subfield>
          </datafield>
          <datafield tag="035" ind1=" " ind2=" ">
            <subfield code="a">(MiAaPQ)EBC5927849</subfield>
          </datafield>
          <datafield tag="035" ind1=" " ind2=" ">
            <subfield code="a">(EXLCZ)994100000008424483</subfield>
          </datafield>
          <datafield tag="040" ind1=" " ind2=" ">
            <subfield code="a">MiAaPQ</subfield>
            <subfield code="b">eng</subfield>
            <subfield code="e">rda</subfield>
            <subfield code="e">pn</subfield>
            <subfield code="c">MiAaPQ</subfield>
            <subfield code="d">MiAaPQ</subfield>
          </datafield>
          <datafield tag="050" ind1=" " ind2="4">
            <subfield code="a">TC145</subfield>
            <subfield code="b">.S365 2019</subfield>
          </datafield>
          <datafield tag="072" ind1=" " ind2="7">
            <subfield code="a">TGMB</subfield>
            <subfield code="2">bicssc</subfield>
          </datafield>
          <datafield tag="072" ind1=" " ind2="7">
            <subfield code="a">SCI065000</subfield>
            <subfield code="2">bisacsh</subfield>
          </datafield>
          <datafield tag="072" ind1=" " ind2="7">
            <subfield code="a">TGMB</subfield>
            <subfield code="2">thema</subfield>
          </datafield>
          <datafield tag="082" ind1="0" ind2=" ">
            <subfield code="a">627</subfield>
            <subfield code="2">23</subfield>
          </datafield>
          <datafield tag="100" ind1="1" ind2=" ">
            <subfield code="a">Schmidt, Achim,</subfield>
            <subfield code="d">1969-</subfield>
            <subfield code="e">author.</subfield>
          </datafield>
          <datafield tag="245" ind1="1" ind2="0">
            <subfield code="a">Technical thermodynamics for engineers :</subfield>
            <subfield code="b">basics and applications /</subfield>
            <subfield code="c">Achim Schmidt.</subfield>
          </datafield>
          <datafield tag="250" ind1=" " ind2=" ">
            <subfield code="a">1st ed. 2019.</subfield>
          </datafield>
          <datafield tag="264" ind1=" " ind2="1">
            <subfield code="a">Cham, Switzerland :</subfield>
            <subfield code="b">Springer,</subfield>
            <subfield code="c">[2019]</subfield>
          </datafield>
          <datafield tag="264" ind1=" " ind2="4">
            <subfield code="c">©2019</subfield>
          </datafield>
          <datafield tag="300" ind1=" " ind2=" ">
            <subfield code="a">1 online resource (XXXVI, 813 p. 464 illus.) </subfield>
          </datafield>
          <datafield tag="336" ind1=" " ind2=" ">
            <subfield code="a">text</subfield>
            <subfield code="b">txt</subfield>
            <subfield code="2">rdacontent</subfield>
          </datafield>
          <datafield tag="337" ind1=" " ind2=" ">
            <subfield code="a">computer</subfield>
            <subfield code="b">c</subfield>
            <subfield code="2">rdamedia</subfield>
          </datafield>
          <datafield tag="338" ind1=" " ind2=" ">
            <subfield code="a">online resource</subfield>
            <subfield code="b">cr</subfield>
            <subfield code="2">rdacarrier</subfield>
          </datafield>
          <datafield tag="505" ind1="0" ind2=" ">
            <subfield code="a">Basics and Ideal Fluids -- Real Fluids and Mixtures -- Reactive Systems.</subfield>
          </datafield>
          <datafield tag="520" ind1=" " ind2=" ">
            <subfield code="a">Thermodynamics is a subject that all engineering students have to face and that most of them treat with great respect. This makes it all the more important to offer a good and easy-to-understand approach to the laws of energy conversion. This is what this textbook is intended to do: It covers the basics of classical technical thermodynamics as they are typically taught at universities: The first and second law of thermodynamics as well as equations of state are explained for idealized and real fluids which are subject to a phase change. Thermodynamic mixtures, e.g. humid air, are treated as well as chemical reactions. Components and thermodynamic cycle that convert energy are presented. The book attaches great importance to drawings and illustrations, which should make it easier to comprehend complex matter. Technical applications and apparatus are presented and explained. Numerous exercises and examples conclude the book and contribute to a better understanding of the theory.</subfield>
          </datafield>
          <datafield tag="588" ind1=" " ind2=" ">
            <subfield code="a">Description based on print version record.</subfield>
          </datafield>
          <datafield tag="650" ind1=" " ind2="0">
            <subfield code="a">Hydraulic engineering.</subfield>
          </datafield>
          <datafield tag="655" ind1=" " ind2="4">
            <subfield code="a">Electronic books.</subfield>
          </datafield>
          <datafield tag="776" ind1=" " ind2=" ">
            <subfield code="z">3-030-20396-4</subfield>
          </datafield>
          <datafield tag="906" ind1=" " ind2=" ">
            <subfield code="a">BOOK</subfield>
          </datafield>
          <datafield tag="ADM" ind1=" " ind2=" ">
            <subfield code="b">2020-09-19 14:37:39</subfield>
            <subfield code="e">(CKB)4100000008424483</subfield>
            <subfield code="d">SPRINGER</subfield>
            <subfield code="f">20190614152407.0</subfield>
            <subfield code="a">2019-06-27 19:59:22</subfield>
            <subfield code="c">false</subfield>
          </datafield>
          <datafield tag="PRT" ind1=" " ind2=" ">
            <subfield code="i">61446989700003811</subfield>
            <subfield code="updated">2019-07-17 05:31:10</subfield>
            <subfield code="e">Springer Link</subfield>
            <subfield code="c">Springer Engineering eBooks 2019 English/International</subfield>
            <subfield code="created">2019-07-17 05:31:10</subfield>
            <subfield code="j">62446989690003811</subfield>
            <subfield code="a">53471148940003811</subfield>
            <subfield code="b">https://sandbox01-na.alma.exlibrisgroup.com/view/uresolver/01TULI_INST/openurl?u.ignore_date_coverage=true&amp;rft.mms_id=991037282704103811</subfield>
            <subfield code="9">Available</subfield>
            <subfield code="h">614900000000000973</subfield>
            <subfield code="8">53471148940003811</subfield>
          </datafield>
        </record>
      </metadata>
    </record>