
    <record>
      <header>
        <identifier>oai:alma.01TULI_INST:991037282705103811</identifier>
        <datestamp>2021-01-05T21:51:45Z</datestamp>
        <setSpec>blacklight</setSpec>
      </header>
      <metadata>
        <record xmlns="http://www.loc.gov/MARC21/slim" xmlns:xsi="http://www.w3.org/2001/XMLSchema-instance" xsi:schemaLocation="http://www.loc.gov/MARC21/slim http://www.loc.gov/standards/marcxml/schema/MARC21slim.xsd">
          <leader>04167nam a22005295i 4500</leader>
          <controlfield tag="001">991037282705103811</controlfield>
          <controlfield tag="005">20190621011611.0</controlfield>
          <controlfield tag="006">m     o  d |      </controlfield>
          <controlfield tag="007">cr cnu||||||||</controlfield>
          <controlfield tag="008">190601s2019    gw |    o    |||| 0|eng d</controlfield>
          <datafield tag="020" ind1=" " ind2=" ">
            <subfield code="a">3-030-15398-3</subfield>
          </datafield>
          <datafield tag="024" ind1="7" ind2=" ">
            <subfield code="a">10.1007/978-3-030-15398-4</subfield>
            <subfield code="2">doi</subfield>
          </datafield>
          <datafield tag="035" ind1=" " ind2=" ">
            <subfield code="a">(CKB)4100000008340761</subfield>
          </datafield>
          <datafield tag="035" ind1=" " ind2=" ">
            <subfield code="a">(MiAaPQ)EBC5783565</subfield>
          </datafield>
          <datafield tag="035" ind1=" " ind2=" ">
            <subfield code="a">(DE-He213)978-3-030-15398-4</subfield>
          </datafield>
          <datafield tag="035" ind1=" " ind2=" ">
            <subfield code="a">(EXLCZ)994100000008340761</subfield>
          </datafield>
          <datafield tag="050" ind1=" " ind2="4">
            <subfield code="a">RS380</subfield>
          </datafield>
          <datafield tag="050" ind1=" " ind2="4">
            <subfield code="a">RS190-210</subfield>
          </datafield>
          <datafield tag="072" ind1=" " ind2="7">
            <subfield code="a">TDCW</subfield>
            <subfield code="2">bicssc</subfield>
          </datafield>
          <datafield tag="072" ind1=" " ind2="7">
            <subfield code="a">MED072000</subfield>
            <subfield code="2">bisacsh</subfield>
          </datafield>
          <datafield tag="072" ind1=" " ind2="7">
            <subfield code="a">TDC</subfield>
            <subfield code="2">thema</subfield>
          </datafield>
          <datafield tag="082" ind1="0" ind2=" ">
            <subfield code="a">338.479151</subfield>
            <subfield code="2">23</subfield>
          </datafield>
          <datafield tag="245" ind1="1" ind2="0">
            <subfield code="a">Pharmaceutical Supply Chains - Medicines Shortages</subfield>
            <subfield code="h">[electronic resource] /</subfield>
            <subfield code="c">edited by Ana Paula Barbosa-Povoa, Helena Jenzer, João Luís de Miranda.</subfield>
          </datafield>
          <datafield tag="250" ind1=" " ind2=" ">
            <subfield code="a">1st ed. 2019.</subfield>
          </datafield>
          <datafield tag="264" ind1=" " ind2="1">
            <subfield code="a">Cham :</subfield>
            <subfield code="b">Springer International Publishing :</subfield>
            <subfield code="b">Imprint: Springer,</subfield>
            <subfield code="c">2019.</subfield>
          </datafield>
          <datafield tag="300" ind1=" " ind2=" ">
            <subfield code="a">1 online resource (268 pages)</subfield>
          </datafield>
          <datafield tag="336" ind1=" " ind2=" ">
            <subfield code="a">text</subfield>
            <subfield code="b">txt</subfield>
            <subfield code="2">rdacontent</subfield>
          </datafield>
          <datafield tag="337" ind1=" " ind2=" ">
            <subfield code="a">computer</subfield>
            <subfield code="b">c</subfield>
            <subfield code="2">rdamedia</subfield>
          </datafield>
          <datafield tag="338" ind1=" " ind2=" ">
            <subfield code="a">online resource</subfield>
            <subfield code="b">cr</subfield>
            <subfield code="2">rdacarrier</subfield>
          </datafield>
          <datafield tag="490" ind1="1" ind2=" ">
            <subfield code="a">Lecture Notes in Logistics,</subfield>
            <subfield code="x">2194-8917</subfield>
          </datafield>
          <datafield tag="505" ind1="0" ind2=" ">
            <subfield code="a">From the contents: The European Medicines Shortages Research Network and its mission to strategically debug disrupted pharmaceutical supply chains -- Design and Planning of Sustainable Vaccine Supply Chains -- Drug shortages and their impact on patients and health care system – how can systemic and organizational frameworks help to prevent or mitigate them? -- Patient perspective: reporting on medicines shortages – hemophilia A case in Latvia -- Shortages of Medicines originating from manufacturing -- Risk Mitigation and Preventing Medicines Shortages -- An Exploratory Assessment of Risk and Resilience in Pharmaceutical Supply Chains -- Review of Pharmaceutical Sea Freight and Malaysian Third-Party Logistics Service Providers – a Supply Chain Perspective -- The needs and barriers within the Supply Chain actors - Hospital Pharmacy needs -- Patients Perspectives on Medicines Shortages in Hospital Setting.</subfield>
          </datafield>
          <datafield tag="520" ind1=" " ind2=" ">
            <subfield code="a">This book provides an insight of relevant case studies and updated practices in “Pharmaceutical Supply Chains” (PharmSC) while addressing the most relevant topics within the COST Action “Medicines Shortages” (CA15105). The volume focuses on the most recent developments in the design, planning and scheduling of PharmSC, broadening from the suppliers’ selection to the impact on patients and healthcare systems, addressing uncertainty and risk mitigation, and computational issues. It is directed at MSc/PhD students and young researchers (Post-Docs) in Pharmaceutics/Pharmaceutical sciences, Engineering fields, Economics/Management, as well as pharmaceutical decision makers, managers, and practitioners, and advanced readers demanding a fresh approach to decision making for PharmSC. The contributed chapters are associated with the homonymous COST Training Schools (TS), and the book creates a better understanding of the Action “Medicines Shortages” challenges and opportunities.</subfield>
          </datafield>
          <datafield tag="650" ind1=" " ind2="0">
            <subfield code="a">Pharmaceutical technology.</subfield>
          </datafield>
          <datafield tag="650" ind1=" " ind2="0">
            <subfield code="a">Engineering economy.</subfield>
          </datafield>
          <datafield tag="650" ind1=" " ind2="0">
            <subfield code="a">Business logistics.</subfield>
          </datafield>
          <datafield tag="650" ind1="1" ind2="4">
            <subfield code="a">Pharmaceutical Sciences/Technology.</subfield>
            <subfield code="0">http://scigraph.springernature.com/things/product-market-codes/B21010</subfield>
          </datafield>
          <datafield tag="650" ind1="2" ind2="4">
            <subfield code="a">Engineering Economics, Organization, Logistics, Marketing.</subfield>
            <subfield code="0">http://scigraph.springernature.com/things/product-market-codes/T22016</subfield>
          </datafield>
          <datafield tag="650" ind1="2" ind2="4">
            <subfield code="a">Supply Chain Management.</subfield>
            <subfield code="0">http://scigraph.springernature.com/things/product-market-codes/519030</subfield>
          </datafield>
          <datafield tag="776" ind1=" " ind2=" ">
            <subfield code="z">3-030-15397-5</subfield>
          </datafield>
          <datafield tag="700" ind1="1" ind2=" ">
            <subfield code="a">Barbosa-Povoa, Ana Paula.</subfield>
            <subfield code="e">editor.</subfield>
            <subfield code="4">edt</subfield>
            <subfield code="4">http://id.loc.gov/vocabulary/relators/edt</subfield>
          </datafield>
          <datafield tag="700" ind1="1" ind2=" ">
            <subfield code="a">Jenzer, Helena.</subfield>
            <subfield code="e">editor.</subfield>
            <subfield code="4">edt</subfield>
            <subfield code="4">http://id.loc.gov/vocabulary/relators/edt</subfield>
          </datafield>
          <datafield tag="700" ind1="1" ind2=" ">
            <subfield code="a">de Miranda, João Luís.</subfield>
            <subfield code="e">editor.</subfield>
            <subfield code="4">edt</subfield>
            <subfield code="4">http://id.loc.gov/vocabulary/relators/edt</subfield>
          </datafield>
          <datafield tag="830" ind1=" " ind2="0">
            <subfield code="a">Lecture Notes in Logistics,</subfield>
            <subfield code="x">2194-8917</subfield>
          </datafield>
          <datafield tag="906" ind1=" " ind2=" ">
            <subfield code="a">BOOK</subfield>
          </datafield>
          <datafield tag="ADM" ind1=" " ind2=" ">
            <subfield code="b">2019-10-24 22:39:41</subfield>
            <subfield code="e">(CKB)4100000008340761</subfield>
            <subfield code="d">SPRINGER</subfield>
            <subfield code="f">20190621011611.0</subfield>
            <subfield code="a">2019-06-08 20:26:08</subfield>
            <subfield code="c">false</subfield>
          </datafield>
          <datafield tag="PRT" ind1=" " ind2=" ">
            <subfield code="i">61446989700003811</subfield>
            <subfield code="updated">2019-07-17 05:31:00</subfield>
            <subfield code="e">Springer Link</subfield>
            <subfield code="c">Springer Engineering eBooks 2019 English/International</subfield>
            <subfield code="created">2019-07-17 05:30:59</subfield>
            <subfield code="j">62446989690003811</subfield>
            <subfield code="a">53471149240003811</subfield>
            <subfield code="b">https://sandbox01-na.alma.exlibrisgroup.com/view/uresolver/01TULI_INST/openurl?u.ignore_date_coverage=true&amp;rft.mms_id=991037282705103811</subfield>
            <subfield code="9">Available</subfield>
            <subfield code="h">614900000000000973</subfield>
            <subfield code="8">53471149240003811</subfield>
          </datafield>
        </record>
      </metadata>
    </record>