
    <record>
      <header>
        <identifier>oai:alma.01TULI_INST:991037282803903811</identifier>
        <datestamp>2021-01-06T09:57:01Z</datestamp>
        <setSpec>blacklight</setSpec>
      </header>
      <metadata>
        <record xmlns="http://www.loc.gov/MARC21/slim" xmlns:xsi="http://www.w3.org/2001/XMLSchema-instance" xsi:schemaLocation="http://www.loc.gov/MARC21/slim http://www.loc.gov/standards/marcxml/schema/MARC21slim.xsd">
          <leader>01638namaa2200373Ia 4500</leader>
          <controlfield tag="001">991037282803903811</controlfield>
          <controlfield tag="005">20210104171459.0</controlfield>
          <controlfield tag="006">m\\\\\\\\m\\\\\\\\</controlfield>
          <controlfield tag="007">cr\mnummmmuuuu</controlfield>
          <controlfield tag="008">180430r20001986nyu     sb   001 0 eengd </controlfield>
          <datafield tag="035" ind1=" " ind2=" ">
            <subfield code="a">(dli)HEB08506</subfield>
          </datafield>
          <datafield tag="035" ind1=" " ind2=" ">
            <subfield code="a">(CKB)4920000000049169</subfield>
          </datafield>
          <datafield tag="035" ind1=" " ind2=" ">
            <subfield code="a">(EXLCZ)994920000000049169</subfield>
          </datafield>
          <datafield tag="040" ind1=" " ind2=" ">
            <subfield code="a">MiU</subfield>
            <subfield code="c">MiU</subfield>
          </datafield>
          <datafield tag="090" ind1=" " ind2=" ">
            <subfield code="a">B945.J24</subfield>
            <subfield code="b">(INTERNET)</subfield>
          </datafield>
          <datafield tag="100" ind1="1" ind2=" ">
            <subfield code="a">Fontinell, Eugene.</subfield>
          </datafield>
          <datafield tag="245" ind1="1" ind2="0">
            <subfield code="a">Self, God, and immortality</subfield>
            <subfield code="h">[electronic resource] :</subfield>
            <subfield code="b">a Jamesian investigation /</subfield>
            <subfield code="c">Eugene Fontinell.</subfield>
          </datafield>
          <datafield tag="246" ind1="3" ind2="0">
            <subfield code="a">Jamesian investigation</subfield>
          </datafield>
          <datafield tag="260" ind1=" " ind2=" ">
            <subfield code="a">New York</subfield>
            <subfield code="b">Fordham University Press,</subfield>
            <subfield code="c">2000.</subfield>
          </datafield>
          <datafield tag="300" ind1=" " ind2=" ">
            <subfield code="a">xxv, 297 p. ;</subfield>
            <subfield code="c">24 cm.</subfield>
          </datafield>
          <datafield tag="490" ind1="1" ind2=" ">
            <subfield code="a">American philosophy series,</subfield>
            <subfield code="x">1073-2764 ;</subfield>
            <subfield code="v">no. 12</subfield>
          </datafield>
          <datafield tag="500" ind1=" " ind2=" ">
            <subfield code="a">Originally published: Philadelphia : Temple University Press, 1986. With new pref.</subfield>
          </datafield>
          <datafield tag="504" ind1=" " ind2=" ">
            <subfield code="a">Includes bibliographical references and index.</subfield>
          </datafield>
          <datafield tag="533" ind1=" " ind2=" ">
            <subfield code="a">Electronic text and image data.</subfield>
            <subfield code="b">Ann Arbor, Mich. :</subfield>
            <subfield code="c">University of Michigan, Michigan Publishing,</subfield>
            <subfield code="d">2018.</subfield>
            <subfield code="e">Includes both TIFF files and keyword searchable text.</subfield>
            <subfield code="f">([ACLS Humanities E-Book])</subfield>
            <subfield code="n">Mode of access: Intranet.</subfield>
          </datafield>
          <datafield tag="588" ind1=" " ind2=" ">
            <subfield code="a">Description based on print version.</subfield>
          </datafield>
          <datafield tag="600" ind1="1" ind2="0">
            <subfield code="a">James, William,</subfield>
            <subfield code="d">1842-1910.</subfield>
          </datafield>
          <datafield tag="650" ind1=" " ind2="0">
            <subfield code="a">Immortality</subfield>
            <subfield code="x">History of doctrines</subfield>
            <subfield code="y">20th century.</subfield>
          </datafield>
          <datafield tag="710" ind1="2" ind2=" ">
            <subfield code="a">American Council of Learned Societies.</subfield>
          </datafield>
          <datafield tag="773" ind1="0" ind2=" ">
            <subfield code="t">ACLS Humanities E-Book.</subfield>
            <subfield code="n">URL: http://www.humanitiesebook.org/</subfield>
          </datafield>
          <datafield tag="776" ind1="1" ind2=" ">
            <subfield code="c">Original</subfield>
            <subfield code="z">0823220702</subfield>
            <subfield code="z">0823220710</subfield>
            <subfield code="w">(DLC) 00037207</subfield>
          </datafield>
          <datafield tag="830" ind1=" " ind2="0">
            <subfield code="a">Fordham American Philosophy.</subfield>
          </datafield>
          <datafield tag="830" ind1=" " ind2="0">
            <subfield code="a">ATLA Special Series.</subfield>
          </datafield>
          <datafield tag="830" ind1=" " ind2="0">
            <subfield code="a">ACLS Humanities E-Book.</subfield>
          </datafield>
          <datafield tag="830" ind1=" " ind2="0">
            <subfield code="a">American philosophy series ;</subfield>
            <subfield code="v">no. 12.</subfield>
            <subfield code="x">1073-2764</subfield>
          </datafield>
          <datafield tag="906" ind1=" " ind2=" ">
            <subfield code="a">BOOK</subfield>
          </datafield>
          <datafield tag="ADM" ind1=" " ind2=" ">
            <subfield code="b">2021-01-06 08:23:44</subfield>
            <subfield code="e">(CKB)4920000000049169</subfield>
            <subfield code="d">CKB</subfield>
            <subfield code="a">2019-07-14 01:45:17</subfield>
            <subfield code="c">false</subfield>
          </datafield>
          <datafield tag="PRT" ind1=" " ind2=" ">
            <subfield code="i">61337196830003811</subfield>
            <subfield code="updated">2020-10-20 11:35:54</subfield>
            <subfield code="e">ACLS Humanities eBook</subfield>
            <subfield code="c">ACLS Humanities eBook</subfield>
            <subfield code="created">2019-07-17 16:38:31</subfield>
            <subfield code="j">62337196820003811</subfield>
            <subfield code="a">53470897520003811</subfield>
            <subfield code="b">https://sandbox01-na.alma.exlibrisgroup.com/view/uresolver/01TULI_INST/openurl?u.ignore_date_coverage=true&amp;rft.mms_id=991037282803903811</subfield>
            <subfield code="9">Available</subfield>
            <subfield code="h">611000000000001895</subfield>
            <subfield code="8">53470897520003811</subfield>
          </datafield>
          <datafield tag="PRT" ind1=" " ind2=" ">
            <subfield code="i">61428213680003811</subfield>
            <subfield code="updated">2020-05-19 13:07:01</subfield>
            <subfield code="e">Project Muse</subfield>
            <subfield code="c">Project MUSE Open Access Books</subfield>
            <subfield code="created">2020-05-19 13:07:01</subfield>
            <subfield code="j">62428213670003811</subfield>
            <subfield code="a">53520055650003811</subfield>
            <subfield code="b">https://sandbox01-na.alma.exlibrisgroup.com/view/uresolver/01TULI_INST/openurl?u.ignore_date_coverage=true&amp;rft.mms_id=991037282803903811</subfield>
            <subfield code="9">Available</subfield>
            <subfield code="h">614330000000001179</subfield>
            <subfield code="8">53520055650003811</subfield>
          </datafield>
        </record>
      </metadata>
    </record>