
    <record>
      <header>
        <identifier>oai:alma.01TULI_INST:991037282793103811</identifier>
        <datestamp>2021-01-06T09:57:01Z</datestamp>
        <setSpec>blacklight</setSpec>
      </header>
      <metadata>
        <record xmlns="http://www.loc.gov/MARC21/slim" xmlns:xsi="http://www.w3.org/2001/XMLSchema-instance" xsi:schemaLocation="http://www.loc.gov/MARC21/slim http://www.loc.gov/standards/marcxml/schema/MARC21slim.xsd">
          <leader>01736namaa2200385Ia 4500</leader>
          <controlfield tag="001">991037282793103811</controlfield>
          <controlfield tag="005">20210104172027.0</controlfield>
          <controlfield tag="006">m\\\\\\\\m\\\\\\\\</controlfield>
          <controlfield tag="007">cr\mnummmmuuuu</controlfield>
          <controlfield tag="008">180306s2011    txua    sb    001 0 eng d</controlfield>
          <datafield tag="035" ind1=" " ind2=" ">
            <subfield code="a">(dli)HEB33652</subfield>
          </datafield>
          <datafield tag="035" ind1=" " ind2=" ">
            <subfield code="a">(CKB)4920000000049219</subfield>
          </datafield>
          <datafield tag="035" ind1=" " ind2=" ">
            <subfield code="a">(EXLCZ)994920000000049219</subfield>
          </datafield>
          <datafield tag="040" ind1=" " ind2=" ">
            <subfield code="a">MiU</subfield>
            <subfield code="c">MiU</subfield>
          </datafield>
          <datafield tag="043" ind1=" " ind2=" ">
            <subfield code="a">n-us---</subfield>
            <subfield code="a">n-us-tx</subfield>
          </datafield>
          <datafield tag="090" ind1=" " ind2=" ">
            <subfield code="a">E842.9</subfield>
            <subfield code="b">(INTERNET)</subfield>
          </datafield>
          <datafield tag="100" ind1="1" ind2=" ">
            <subfield code="a">Vågnes, Øyvind,</subfield>
            <subfield code="d">1972-</subfield>
          </datafield>
          <datafield tag="245" ind1="1" ind2="0">
            <subfield code="a">Zaprudered</subfield>
            <subfield code="h">[electronic resource] :</subfield>
            <subfield code="b">the Kennedy assassination film in visual culture /</subfield>
            <subfield code="c">Øyvind Vågnes.</subfield>
          </datafield>
          <datafield tag="246" ind1="3" ind2="0">
            <subfield code="a">Kennedy assassination film in visual culture</subfield>
          </datafield>
          <datafield tag="250" ind1=" " ind2=" ">
            <subfield code="a">1st ed.</subfield>
          </datafield>
          <datafield tag="260" ind1=" " ind2=" ">
            <subfield code="a">Austin :</subfield>
            <subfield code="b">University of Texas Press,</subfield>
            <subfield code="c">2011.</subfield>
          </datafield>
          <datafield tag="300" ind1=" " ind2=" ">
            <subfield code="a">x, 211 p. :</subfield>
            <subfield code="b">ill. ;</subfield>
            <subfield code="c">24 cm.</subfield>
          </datafield>
          <datafield tag="504" ind1=" " ind2=" ">
            <subfield code="a">Includes bibliographical references (p. [185]-199) and index.</subfield>
          </datafield>
          <datafield tag="533" ind1=" " ind2=" ">
            <subfield code="a">Electronic text and image data.</subfield>
            <subfield code="b">Ann Arbor, Mich. :</subfield>
            <subfield code="c">University of Michigan, Michigan Publishing,</subfield>
            <subfield code="d">2018.</subfield>
            <subfield code="e">Includes both TIFF files and keyword searchable text.</subfield>
            <subfield code="f">([ACLS Humanities E-Book])</subfield>
            <subfield code="n">Mode of access: Intranet.</subfield>
          </datafield>
          <datafield tag="588" ind1=" " ind2=" ">
            <subfield code="a">Description based on print version.</subfield>
          </datafield>
          <datafield tag="600" ind1="1" ind2="0">
            <subfield code="a">Kennedy, John F.</subfield>
            <subfield code="q">(John Fitzgerald),</subfield>
            <subfield code="d">1917-1963</subfield>
            <subfield code="x">Assassination.</subfield>
          </datafield>
          <datafield tag="600" ind1="1" ind2="0">
            <subfield code="a">Kennedy, John F.</subfield>
            <subfield code="q">(John Fitzgerald),</subfield>
            <subfield code="d">1917-1963</subfield>
            <subfield code="x">In motion pictures.</subfield>
          </datafield>
          <datafield tag="600" ind1="1" ind2="0">
            <subfield code="a">Zapruder, Abraham.</subfield>
          </datafield>
          <datafield tag="650" ind1=" " ind2="0">
            <subfield code="a">Amateur films</subfield>
            <subfield code="z">Texas</subfield>
            <subfield code="z">Dallas</subfield>
            <subfield code="x">History</subfield>
            <subfield code="y">20th century.</subfield>
          </datafield>
          <datafield tag="650" ind1=" " ind2="0">
            <subfield code="a">Memory</subfield>
            <subfield code="x">Political aspects</subfield>
            <subfield code="z">United States.</subfield>
          </datafield>
          <datafield tag="650" ind1=" " ind2="0">
            <subfield code="a">Motion pictures and history.</subfield>
          </datafield>
          <datafield tag="710" ind1="2" ind2=" ">
            <subfield code="a">American Council of Learned Societies.</subfield>
          </datafield>
          <datafield tag="773" ind1="0" ind2=" ">
            <subfield code="t">ACLS Humanities E-Book.</subfield>
            <subfield code="n">URL: http://www.humanitiesebook.org/</subfield>
          </datafield>
          <datafield tag="776" ind1="1" ind2=" ">
            <subfield code="c">Original</subfield>
            <subfield code="z">9780292728639</subfield>
            <subfield code="z">9780292735514</subfield>
            <subfield code="w">(DLC) 2011014036</subfield>
          </datafield>
          <datafield tag="830" ind1=" " ind2="0">
            <subfield code="a">ACLS Humanities E-Book.</subfield>
          </datafield>
          <datafield tag="906" ind1=" " ind2=" ">
            <subfield code="a">BOOK</subfield>
          </datafield>
          <datafield tag="ADM" ind1=" " ind2=" ">
            <subfield code="b">2021-01-06 08:39:07</subfield>
            <subfield code="e">(CKB)4920000000049219</subfield>
            <subfield code="d">CKB</subfield>
            <subfield code="a">2019-07-14 01:45:17</subfield>
            <subfield code="c">false</subfield>
          </datafield>
          <datafield tag="PRT" ind1=" " ind2=" ">
            <subfield code="i">61337196830003811</subfield>
            <subfield code="updated">2020-10-20 11:37:01</subfield>
            <subfield code="e">ACLS Humanities eBook</subfield>
            <subfield code="c">ACLS Humanities eBook</subfield>
            <subfield code="created">2019-07-17 16:40:38</subfield>
            <subfield code="j">62337196820003811</subfield>
            <subfield code="a">53470890620003811</subfield>
            <subfield code="b">https://sandbox01-na.alma.exlibrisgroup.com/view/uresolver/01TULI_INST/openurl?u.ignore_date_coverage=true&amp;rft.mms_id=991037282793103811</subfield>
            <subfield code="9">Available</subfield>
            <subfield code="h">611000000000001895</subfield>
            <subfield code="8">53470890620003811</subfield>
          </datafield>
        </record>
      </metadata>
    </record>