
    <record>
      <header>
        <identifier>oai:alma.01TULI_INST:991037282795903811</identifier>
        <datestamp>2021-01-06T09:57:05Z</datestamp>
        <setSpec>blacklight</setSpec>
      </header>
      <metadata>
        <record xmlns="http://www.loc.gov/MARC21/slim" xmlns:xsi="http://www.w3.org/2001/XMLSchema-instance" xsi:schemaLocation="http://www.loc.gov/MARC21/slim http://www.loc.gov/standards/marcxml/schema/MARC21slim.xsd">
          <leader>01923namaa2200409Ia 4500</leader>
          <controlfield tag="001">991037282795903811</controlfield>
          <controlfield tag="005">20210104172016.0</controlfield>
          <controlfield tag="006">m\\\\\\\\m\\\\\\\\</controlfield>
          <controlfield tag="007">cr\mnummmmuuuu</controlfield>
          <controlfield tag="008">170508s2003    caub    sb    001 0 eng d</controlfield>
          <datafield tag="035" ind1=" " ind2=" ">
            <subfield code="a">(dli)HEB33194</subfield>
          </datafield>
          <datafield tag="035" ind1=" " ind2=" ">
            <subfield code="a">(CKB)4920000000049191</subfield>
          </datafield>
          <datafield tag="035" ind1=" " ind2=" ">
            <subfield code="a">(EXLCZ)994920000000049191</subfield>
          </datafield>
          <datafield tag="040" ind1=" " ind2=" ">
            <subfield code="a">MiU</subfield>
            <subfield code="c">MiU</subfield>
          </datafield>
          <datafield tag="043" ind1=" " ind2=" ">
            <subfield code="a">f-sj---</subfield>
            <subfield code="a">e-uk---</subfield>
          </datafield>
          <datafield tag="090" ind1=" " ind2=" ">
            <subfield code="a">DT156.7</subfield>
            <subfield code="b">(INTERNET)</subfield>
          </datafield>
          <datafield tag="100" ind1="1" ind2=" ">
            <subfield code="a">Sharkey, Heather J.</subfield>
            <subfield code="q">(Heather Jane),</subfield>
            <subfield code="d">1967-</subfield>
          </datafield>
          <datafield tag="245" ind1="1" ind2="0">
            <subfield code="a">Living with colonialism</subfield>
            <subfield code="h">[electronic resource] :</subfield>
            <subfield code="b">nationalism and culture in the Anglo-Egyptian Sudan /</subfield>
            <subfield code="c">Heather J. Sharkey.</subfield>
          </datafield>
          <datafield tag="246" ind1="3" ind2="0">
            <subfield code="a">Nationalism and culture in the Anglo-Egyptian Sudan</subfield>
          </datafield>
          <datafield tag="260" ind1=" " ind2=" ">
            <subfield code="a">Berkeley</subfield>
            <subfield code="b">University of California Press,</subfield>
            <subfield code="c">c2003.</subfield>
          </datafield>
          <datafield tag="300" ind1=" " ind2=" ">
            <subfield code="a">xiii, 232 p. :</subfield>
            <subfield code="b">map ;</subfield>
            <subfield code="c">24 cm.</subfield>
          </datafield>
          <datafield tag="490" ind1="1" ind2=" ">
            <subfield code="a">Colonialisms ;</subfield>
            <subfield code="v">3</subfield>
          </datafield>
          <datafield tag="500" ind1=" " ind2=" ">
            <subfield code="a">Revision of the author's thesis (doctoral--Princeton University, 1998) under title: Colonialism and the culture of nationalism in the Northern Sudan.</subfield>
          </datafield>
          <datafield tag="504" ind1=" " ind2=" ">
            <subfield code="a">Includes bibliographical references (p. 193-225) and index.</subfield>
          </datafield>
          <datafield tag="533" ind1=" " ind2=" ">
            <subfield code="a">Electronic text and image data.</subfield>
            <subfield code="b">Ann Arbor, Mich. :</subfield>
            <subfield code="c">University of Michigan, Michigan Publishing,</subfield>
            <subfield code="d">2017.</subfield>
            <subfield code="e">Includes both TIFF files and keyword searchable text.</subfield>
            <subfield code="f">([ACLS Humanities E-Book])</subfield>
            <subfield code="n">Mode of access: Intranet.</subfield>
          </datafield>
          <datafield tag="588" ind1=" " ind2=" ">
            <subfield code="a">Description based on print version.</subfield>
          </datafield>
          <datafield tag="650" ind1=" " ind2="0">
            <subfield code="a">Britons</subfield>
            <subfield code="x">Colonization</subfield>
            <subfield code="z">Sudan.</subfield>
          </datafield>
          <datafield tag="650" ind1=" " ind2="0">
            <subfield code="a">Nationalism</subfield>
            <subfield code="z">Sudan</subfield>
            <subfield code="x">History</subfield>
            <subfield code="y">20th century.</subfield>
          </datafield>
          <datafield tag="650" ind1=" " ind2="0">
            <subfield code="a">Postcolonialism</subfield>
            <subfield code="z">Sudan.</subfield>
          </datafield>
          <datafield tag="651" ind1=" " ind2="0">
            <subfield code="a">Sudan</subfield>
            <subfield code="x">History</subfield>
            <subfield code="y">20th century.</subfield>
          </datafield>
          <datafield tag="651" ind1=" " ind2="0">
            <subfield code="a">Great Britain</subfield>
            <subfield code="x">Colonies</subfield>
            <subfield code="z">Africa</subfield>
            <subfield code="x">Cultural policy.</subfield>
          </datafield>
          <datafield tag="651" ind1=" " ind2="0">
            <subfield code="a">Sudan</subfield>
            <subfield code="x">Officials and employees</subfield>
            <subfield code="x">History</subfield>
            <subfield code="y">20th century.</subfield>
          </datafield>
          <datafield tag="710" ind1="2" ind2=" ">
            <subfield code="a">American Council of Learned Societies.</subfield>
          </datafield>
          <datafield tag="773" ind1="0" ind2=" ">
            <subfield code="t">ACLS Humanities E-Book.</subfield>
            <subfield code="n">URL: http://www.humanitiesebook.org/</subfield>
          </datafield>
          <datafield tag="776" ind1="1" ind2=" ">
            <subfield code="c">Original</subfield>
            <subfield code="z">0520235584</subfield>
            <subfield code="z">0520235592</subfield>
            <subfield code="w">(DLC) 2002007140</subfield>
          </datafield>
          <datafield tag="830" ind1=" " ind2="0">
            <subfield code="a">ACLS Humanities E-Book.</subfield>
          </datafield>
          <datafield tag="830" ind1=" " ind2="0">
            <subfield code="a">Colonialisms ;</subfield>
            <subfield code="v">3.</subfield>
          </datafield>
          <datafield tag="906" ind1=" " ind2=" ">
            <subfield code="a">BOOK</subfield>
          </datafield>
          <datafield tag="ADM" ind1=" " ind2=" ">
            <subfield code="b">2021-01-06 08:38:22</subfield>
            <subfield code="e">(CKB)4920000000049191</subfield>
            <subfield code="d">CKB</subfield>
            <subfield code="a">2019-07-14 01:45:17</subfield>
            <subfield code="c">false</subfield>
          </datafield>
          <datafield tag="PRT" ind1=" " ind2=" ">
            <subfield code="i">61337196830003811</subfield>
            <subfield code="updated">2020-10-20 11:36:31</subfield>
            <subfield code="e">ACLS Humanities eBook</subfield>
            <subfield code="c">ACLS Humanities eBook</subfield>
            <subfield code="created">2019-07-17 16:40:26</subfield>
            <subfield code="j">62337196820003811</subfield>
            <subfield code="a">53470891460003811</subfield>
            <subfield code="b">https://sandbox01-na.alma.exlibrisgroup.com/view/uresolver/01TULI_INST/openurl?u.ignore_date_coverage=true&amp;rft.mms_id=991037282795903811</subfield>
            <subfield code="9">Available</subfield>
            <subfield code="h">611000000000001895</subfield>
            <subfield code="8">53470891460003811</subfield>
          </datafield>
        </record>
      </metadata>
    </record>