
    <record>
      <header>
        <identifier>oai:alma.01TULI_INST:991037282796203811</identifier>
        <datestamp>2021-01-06T09:57:05Z</datestamp>
        <setSpec>blacklight</setSpec>
      </header>
      <metadata>
        <record xmlns="http://www.loc.gov/MARC21/slim" xmlns:xsi="http://www.w3.org/2001/XMLSchema-instance" xsi:schemaLocation="http://www.loc.gov/MARC21/slim http://www.loc.gov/standards/marcxml/schema/MARC21slim.xsd">
          <leader>01848namaa2200409Ia 4500</leader>
          <controlfield tag="001">991037282796203811</controlfield>
          <controlfield tag="005">20210104172007.0</controlfield>
          <controlfield tag="006">m\\\\\\\\m\\\\\\\\</controlfield>
          <controlfield tag="007">cr\mnummmmuuuu</controlfield>
          <controlfield tag="008">170412s2008    nyu     sb    001 0 eng d</controlfield>
          <datafield tag="035" ind1=" " ind2=" ">
            <subfield code="a">(dli)HEB32965</subfield>
          </datafield>
          <datafield tag="035" ind1=" " ind2=" ">
            <subfield code="a">(CKB)4920000000049188</subfield>
          </datafield>
          <datafield tag="035" ind1=" " ind2=" ">
            <subfield code="a">(EXLCZ)994920000000049188</subfield>
          </datafield>
          <datafield tag="040" ind1=" " ind2=" ">
            <subfield code="a">MiU$cMiU</subfield>
          </datafield>
          <datafield tag="043" ind1=" " ind2=" ">
            <subfield code="a">e-uk---</subfield>
          </datafield>
          <datafield tag="090" ind1=" " ind2=" ">
            <subfield code="a">PR868.F29</subfield>
            <subfield code="b">(INTERNET)</subfield>
          </datafield>
          <datafield tag="100" ind1="1" ind2=" ">
            <subfield code="a">Corbett, Mary Jean,</subfield>
            <subfield code="d">1962-</subfield>
          </datafield>
          <datafield tag="245" ind1="1" ind2="0">
            <subfield code="a">Family likeness</subfield>
            <subfield code="h">[electronic resource] :</subfield>
            <subfield code="b">sex, marriage, and incest from Jane Austen to Virginia Woolf /</subfield>
            <subfield code="c">Mary Jean Corbett.</subfield>
          </datafield>
          <datafield tag="246" ind1="3" ind2="0">
            <subfield code="a">Sex, marriage, and incest from Jane Austen to Virginia Woolf</subfield>
          </datafield>
          <datafield tag="260" ind1=" " ind2=" ">
            <subfield code="a">Ithaca :</subfield>
            <subfield code="b">Cornell University Press,</subfield>
            <subfield code="c">2008.</subfield>
          </datafield>
          <datafield tag="300" ind1=" " ind2=" ">
            <subfield code="a">xiv, 264 p. ;</subfield>
            <subfield code="c">25 cm.</subfield>
          </datafield>
          <datafield tag="504" ind1=" " ind2=" ">
            <subfield code="a">Includes bibliographical references (p. 243-257) and index.</subfield>
          </datafield>
          <datafield tag="533" ind1=" " ind2=" ">
            <subfield code="a">Electronic text and image data.</subfield>
            <subfield code="b">Ann Arbor, Mich. :</subfield>
            <subfield code="c">University of Michigan,  Michigan Publishing,</subfield>
            <subfield code="d">2017.</subfield>
            <subfield code="e">Includes both TIFF files and keyword searchable text.</subfield>
            <subfield code="f">([ACLS Humanities E-Book])</subfield>
            <subfield code="n">Mode of access: Intranet.</subfield>
          </datafield>
          <datafield tag="588" ind1=" " ind2=" ">
            <subfield code="a">Description based on print version.</subfield>
          </datafield>
          <datafield tag="600" ind1="1" ind2="0">
            <subfield code="a">Austen, Jane,</subfield>
            <subfield code="d">1775-1817</subfield>
            <subfield code="x">Criticism and interpretation.</subfield>
          </datafield>
          <datafield tag="600" ind1="1" ind2="0">
            <subfield code="a">Brontë, Charlotte,</subfield>
            <subfield code="d">1816-1855</subfield>
            <subfield code="x">Criticism and interpretation.</subfield>
          </datafield>
          <datafield tag="600" ind1="1" ind2="0">
            <subfield code="a">Woolf, Virginia,</subfield>
            <subfield code="d">1882-1941</subfield>
            <subfield code="x">Criticism and interpretation.</subfield>
          </datafield>
          <datafield tag="650" ind1=" " ind2="0">
            <subfield code="a">English fiction</subfield>
            <subfield code="y">19th century</subfield>
            <subfield code="x">History and criticism.</subfield>
          </datafield>
          <datafield tag="650" ind1=" " ind2="0">
            <subfield code="a">English fiction</subfield>
            <subfield code="x">Women authors</subfield>
            <subfield code="x">History and criticism.</subfield>
          </datafield>
          <datafield tag="650" ind1=" " ind2="0">
            <subfield code="a">Families in literature.</subfield>
          </datafield>
          <datafield tag="650" ind1=" " ind2="0">
            <subfield code="a">Sex in literature.</subfield>
          </datafield>
          <datafield tag="650" ind1=" " ind2="0">
            <subfield code="a">Marriage in literature.</subfield>
          </datafield>
          <datafield tag="650" ind1=" " ind2="0">
            <subfield code="a">Incest in literature.</subfield>
          </datafield>
          <datafield tag="710" ind1="2" ind2=" ">
            <subfield code="a">American Council of Learned Societies.</subfield>
          </datafield>
          <datafield tag="773" ind1="0" ind2=" ">
            <subfield code="t">ACLS Humanities E-Book.</subfield>
            <subfield code="n">URL: http://www.humanitiesebook.org/</subfield>
          </datafield>
          <datafield tag="776" ind1="1" ind2=" ">
            <subfield code="c">Original</subfield>
            <subfield code="z">9780801447075</subfield>
            <subfield code="w">(DLC) 2008019568</subfield>
          </datafield>
          <datafield tag="830" ind1=" " ind2="0">
            <subfield code="a">ACLS Humanities E-Book.</subfield>
          </datafield>
          <datafield tag="906" ind1=" " ind2=" ">
            <subfield code="a">BOOK</subfield>
          </datafield>
          <datafield tag="ADM" ind1=" " ind2=" ">
            <subfield code="b">2021-01-06 08:37:59</subfield>
            <subfield code="e">(CKB)4920000000049188</subfield>
            <subfield code="d">CKB</subfield>
            <subfield code="a">2019-07-14 01:45:17</subfield>
            <subfield code="c">false</subfield>
          </datafield>
          <datafield tag="PRT" ind1=" " ind2=" ">
            <subfield code="i">61337196830003811</subfield>
            <subfield code="updated">2020-10-20 11:36:25</subfield>
            <subfield code="e">ACLS Humanities eBook</subfield>
            <subfield code="c">ACLS Humanities eBook</subfield>
            <subfield code="created">2019-07-17 16:40:24</subfield>
            <subfield code="j">62337196820003811</subfield>
            <subfield code="a">53470891550003811</subfield>
            <subfield code="b">https://sandbox01-na.alma.exlibrisgroup.com/view/uresolver/01TULI_INST/openurl?u.ignore_date_coverage=true&amp;rft.mms_id=991037282796203811</subfield>
            <subfield code="9">Available</subfield>
            <subfield code="h">611000000000001895</subfield>
            <subfield code="8">53470891550003811</subfield>
          </datafield>
        </record>
      </metadata>
    </record>