
    <record>
      <header>
        <identifier>oai:alma.01TULI_INST:991037282787703811</identifier>
        <datestamp>2021-01-06T09:57:01Z</datestamp>
        <setSpec>blacklight</setSpec>
      </header>
      <metadata>
        <record xmlns="http://www.loc.gov/MARC21/slim" xmlns:xsi="http://www.w3.org/2001/XMLSchema-instance" xsi:schemaLocation="http://www.loc.gov/MARC21/slim http://www.loc.gov/standards/marcxml/schema/MARC21slim.xsd">
          <leader>01530namaa2200349Ia 4500</leader>
          <controlfield tag="001">991037282787703811</controlfield>
          <controlfield tag="005">20210104172018.0</controlfield>
          <controlfield tag="006">m\\\\\\\\m\\\\\\\\</controlfield>
          <controlfield tag="007">cr\mnummmmuuuu</controlfield>
          <controlfield tag="008">180429s2012    maua    sbk   001 0 eng d</controlfield>
          <datafield tag="035" ind1=" " ind2=" ">
            <subfield code="a">(dli)HEB33580</subfield>
          </datafield>
          <datafield tag="035" ind1=" " ind2=" ">
            <subfield code="a">(CKB)4920000000049237</subfield>
          </datafield>
          <datafield tag="035" ind1=" " ind2=" ">
            <subfield code="a">(EXLCZ)994920000000049237</subfield>
          </datafield>
          <datafield tag="040" ind1=" " ind2=" ">
            <subfield code="a">MiU</subfield>
            <subfield code="c">MiU</subfield>
          </datafield>
          <datafield tag="043" ind1=" " ind2=" ">
            <subfield code="a">n-us-la</subfield>
          </datafield>
          <datafield tag="090" ind1=" " ind2=" ">
            <subfield code="a">ML3531</subfield>
            <subfield code="b">(INTERNET)</subfield>
          </datafield>
          <datafield tag="100" ind1="1" ind2=" ">
            <subfield code="a">Matt, Miller,</subfield>
            <subfield code="d">1969-</subfield>
          </datafield>
          <datafield tag="245" ind1="1" ind2="0">
            <subfield code="a">Bounce</subfield>
            <subfield code="h">[electronic resource] :</subfield>
            <subfield code="b">rap music and local identity in New Orleans /</subfield>
            <subfield code="c">Matt Miller.</subfield>
          </datafield>
          <datafield tag="246" ind1="3" ind2="0">
            <subfield code="a">Rap music and local identity in New Orleans</subfield>
          </datafield>
          <datafield tag="260" ind1=" " ind2=" ">
            <subfield code="a">Amherst, Mass. :</subfield>
            <subfield code="b">University of Massachusetts Press,</subfield>
            <subfield code="c">c2012.</subfield>
          </datafield>
          <datafield tag="300" ind1=" " ind2=" ">
            <subfield code="a">xii, 214 p. :</subfield>
            <subfield code="b">ill. ;</subfield>
            <subfield code="c">23 cm.</subfield>
          </datafield>
          <datafield tag="490" ind1="1" ind2=" ">
            <subfield code="a">American popular music</subfield>
          </datafield>
          <datafield tag="504" ind1=" " ind2=" ">
            <subfield code="a">Includes bibliographical references, discography and index.</subfield>
          </datafield>
          <datafield tag="533" ind1=" " ind2=" ">
            <subfield code="a">Electronic text and image data.</subfield>
            <subfield code="b">Ann Arbor, Mich. :</subfield>
            <subfield code="c">University of Michigan, Michigan Publishing,</subfield>
            <subfield code="d">2018.</subfield>
            <subfield code="e">Includes both TIFF files and keyword searchable text.</subfield>
            <subfield code="f">([ACLS Humanities E-Book])</subfield>
            <subfield code="n">Mode of access: Intranet.</subfield>
          </datafield>
          <datafield tag="588" ind1=" " ind2=" ">
            <subfield code="a">Description based on print version.</subfield>
          </datafield>
          <datafield tag="650" ind1=" " ind2="0">
            <subfield code="a">Bounce (Music)</subfield>
            <subfield code="x">History and criticism.</subfield>
          </datafield>
          <datafield tag="650" ind1=" " ind2="0">
            <subfield code="a">Rap (Music)</subfield>
            <subfield code="z">Louisiana</subfield>
            <subfield code="z">New Orleans</subfield>
            <subfield code="x">History and criticism.</subfield>
          </datafield>
          <datafield tag="710" ind1="2" ind2=" ">
            <subfield code="a">American Council of Learned Societies.</subfield>
          </datafield>
          <datafield tag="773" ind1="0" ind2=" ">
            <subfield code="t">ACLS Humanities E-Book.</subfield>
            <subfield code="n">URL: http://www.humanitiesebook.org/</subfield>
          </datafield>
          <datafield tag="776" ind1="1" ind2=" ">
            <subfield code="c">Original</subfield>
            <subfield code="z">9781558499362</subfield>
            <subfield code="z">9781558499355</subfield>
            <subfield code="w">(DLC) 2012003648</subfield>
          </datafield>
          <datafield tag="830" ind1=" " ind2="0">
            <subfield code="a">ACLS Humanities E-Book.</subfield>
          </datafield>
          <datafield tag="830" ind1=" " ind2="0">
            <subfield code="a">American popular music (Amherst, Mass.)</subfield>
          </datafield>
          <datafield tag="906" ind1=" " ind2=" ">
            <subfield code="a">BOOK</subfield>
          </datafield>
          <datafield tag="ADM" ind1=" " ind2=" ">
            <subfield code="b">2021-01-06 08:38:26</subfield>
            <subfield code="e">(CKB)4920000000049237</subfield>
            <subfield code="d">CKB</subfield>
            <subfield code="a">2019-07-14 01:45:17</subfield>
            <subfield code="c">false</subfield>
          </datafield>
          <datafield tag="PRT" ind1=" " ind2=" ">
            <subfield code="i">61337196830003811</subfield>
            <subfield code="updated">2020-10-20 11:37:49</subfield>
            <subfield code="e">ACLS Humanities eBook</subfield>
            <subfield code="c">ACLS Humanities eBook</subfield>
            <subfield code="created">2019-07-17 16:41:13</subfield>
            <subfield code="j">62337196820003811</subfield>
            <subfield code="a">53471178820003811</subfield>
            <subfield code="b">https://sandbox01-na.alma.exlibrisgroup.com/view/uresolver/01TULI_INST/openurl?u.ignore_date_coverage=true&amp;rft.mms_id=991037282787703811</subfield>
            <subfield code="9">Available</subfield>
            <subfield code="h">611000000000001895</subfield>
            <subfield code="8">53471178820003811</subfield>
          </datafield>
        </record>
      </metadata>
    </record>