
    <record>
      <header>
        <identifier>oai:alma.01TULI_INST:991037293121503811</identifier>
        <datestamp>2021-01-06T09:56:59Z</datestamp>
        <setSpec>blacklight</setSpec>
        <setSpec>rapid_electronic_journals</setSpec>
        <setSpec>BrowZine</setSpec>
      </header>
      <metadata>
        <record xmlns="http://www.loc.gov/MARC21/slim" xmlns:xsi="http://www.w3.org/2001/XMLSchema-instance" xsi:schemaLocation="http://www.loc.gov/MARC21/slim http://www.loc.gov/standards/marcxml/schema/MARC21slim.xsd">
          <leader>02845nas--2200469-i-4500</leader>
          <controlfield tag="001">991037293121503811</controlfield>
          <controlfield tag="005">20210104172012.0</controlfield>
          <controlfield tag="008">161103c20169999ja-fr---o----f0---d0jpn--</controlfield>
          <datafield tag="010" ind1=" " ind2=" ">
            <subfield code="a">  2016211972</subfield>
          </datafield>
          <datafield tag="035" ind1=" " ind2=" ">
            <subfield code="a">(OCoLC)962029712</subfield>
          </datafield>
          <datafield tag="035" ind1=" " ind2=" ">
            <subfield code="a">(CKB)4920000000050437</subfield>
          </datafield>
          <datafield tag="035" ind1=" " ind2=" ">
            <subfield code="a">(CONSER)--2016211972</subfield>
          </datafield>
          <datafield tag="035" ind1=" " ind2=" ">
            <subfield code="a">(EXLCZ)994920000000050437</subfield>
          </datafield>
          <datafield tag="041" ind1=" " ind2=" ">
            <subfield code="a">jpn</subfield>
            <subfield code="b">eng</subfield>
          </datafield>
          <datafield tag="042" ind1=" " ind2=" ">
            <subfield code="a">pcc</subfield>
          </datafield>
          <datafield tag="050" ind1="0" ind2="0">
            <subfield code="a">QC277.9</subfield>
            <subfield code="b">.K96a</subfield>
          </datafield>
          <datafield tag="066" ind1=" " ind2=" ">
            <subfield code="c">$1</subfield>
          </datafield>
          <datafield tag="245" ind1="0" ind2="0">
            <subfield code="a">京都大学物性科学センター誌 : LTMセンター誌 [[キョウト ダイガク ブッセイ カガク センターシ : LTM センターシ]]</subfield>
          </datafield>
          <datafield tag="246" ind1=" " ind2=" ">
            <subfield code="a">京都大学物性科学センター誌 </subfield>
          </datafield>
          <datafield tag="246" ind1=" " ind2=" ">
            <subfield code="a">キョウト ダイガク ブッセイ カガク センターシ </subfield>
          </datafield>
          <datafield tag="246" ind1="1" ind2=" ">
            <subfield code="6">880-02</subfield>
            <subfield code="a">LTM Sentā shi</subfield>
          </datafield>
          <datafield tag="880" ind1="1" ind2=" ">
            <subfield code="6">246-02/$1</subfield>
            <subfield code="a">LTMセンター誌</subfield>
          </datafield>
          <datafield tag="246" ind1="1" ind2=" ">
            <subfield code="a">Low Temperature and Materials Sciences Sentā shi</subfield>
          </datafield>
          <datafield tag="264" ind1=" " ind2="1">
            <subfield code="6">880-03</subfield>
            <subfield code="a">Kyōto-shi :</subfield>
            <subfield code="b">Kyōto Daigaku Kankyō Anzen Hoken Kikō Bussei Kagaku Sentā</subfield>
          </datafield>
          <datafield tag="880" ind1=" " ind2="1">
            <subfield code="6">264-03/$1</subfield>
            <subfield code="a">京都市 :</subfield>
            <subfield code="b">京都大学環境安保健機構物性科学センター</subfield>
          </datafield>
          <datafield tag="300" ind1=" " ind2=" ">
            <subfield code="a">volumes :</subfield>
            <subfield code="b">illustrations ;</subfield>
            <subfield code="c">30 cm</subfield>
          </datafield>
          <datafield tag="310" ind1=" " ind2=" ">
            <subfield code="a">Two times a year</subfield>
          </datafield>
          <datafield tag="336" ind1=" " ind2=" ">
            <subfield code="a">text</subfield>
            <subfield code="b">txt</subfield>
            <subfield code="2">rdacontent</subfield>
          </datafield>
          <datafield tag="337" ind1=" " ind2=" ">
            <subfield code="a">unmediated</subfield>
            <subfield code="b">n</subfield>
            <subfield code="2">rdamedia</subfield>
          </datafield>
          <datafield tag="338" ind1=" " ind2=" ">
            <subfield code="a">volume</subfield>
            <subfield code="b">nc</subfield>
            <subfield code="2">rdacarrier</subfield>
          </datafield>
          <datafield tag="362" ind1="1" ind2=" ">
            <subfield code="a">Began in 2016?</subfield>
          </datafield>
          <datafield tag="546" ind1=" " ind2=" ">
            <subfield code="a">In Japanese; abstracts also in English.</subfield>
          </datafield>
          <datafield tag="588" ind1=" " ind2=" ">
            <subfield code="a">Description based on: Dai 28-gō ( 2016. 6); title from cover.</subfield>
          </datafield>
          <datafield tag="588" ind1=" " ind2=" ">
            <subfield code="a">Latest issue consulted: Dai 28-gō ( 2016. 6).</subfield>
          </datafield>
          <datafield tag="650" ind1=" " ind2="0">
            <subfield code="a">Low temperatures</subfield>
            <subfield code="v">Periodicals.</subfield>
          </datafield>
          <datafield tag="650" ind1=" " ind2="0">
            <subfield code="a">Low temperature research</subfield>
            <subfield code="v">Periodicals.</subfield>
          </datafield>
          <datafield tag="650" ind1=" " ind2="7">
            <subfield code="a">Low temperature research.</subfield>
            <subfield code="2">fast</subfield>
            <subfield code="0">(OCoLC)fst01003161</subfield>
          </datafield>
          <datafield tag="650" ind1=" " ind2="7">
            <subfield code="a">Low temperatures.</subfield>
            <subfield code="2">fast</subfield>
            <subfield code="0">(OCoLC)fst01003163</subfield>
          </datafield>
          <datafield tag="655" ind1=" " ind2="7">
            <subfield code="a">Periodicals.</subfield>
            <subfield code="2">fast</subfield>
            <subfield code="0">(OCoLC)fst01411641</subfield>
          </datafield>
          <datafield tag="776" ind1=" " ind2=" ">
            <subfield code="x">2432-0587</subfield>
          </datafield>
          <datafield tag="880" ind1="0" ind2="0">
            <subfield code="6">245-01/$1</subfield>
            <subfield code="a">京都大学物性科学センター誌.</subfield>
          </datafield>
          <datafield tag="880" ind1="0" ind2="0">
            <subfield code="6">780-04/$1</subfield>
            <subfield code="a">京都大学. 低温物質科学研究センター.</subfield>
            <subfield code="t">京都大学低温物質科学研究センター誌</subfield>
            <subfield code="x">1348-317X</subfield>
            <subfield code="w">(DLC)  2007209562</subfield>
            <subfield code="w">(OCoLC)86070699</subfield>
          </datafield>
          <datafield tag="906" ind1=" " ind2=" ">
            <subfield code="a">JOURNAL</subfield>
          </datafield>
          <datafield tag="ADM" ind1=" " ind2=" ">
            <subfield code="b">2021-01-06 08:38:11</subfield>
            <subfield code="e">(CKB)4920000000050437</subfield>
            <subfield code="d">CKB</subfield>
            <subfield code="a">2019-07-16 23:51:25</subfield>
            <subfield code="c">false</subfield>
          </datafield>
          <datafield tag="PRT" ind1=" " ind2=" ">
            <subfield code="i">61410302080003811</subfield>
            <subfield code="updated">2019-07-22 17:54:14</subfield>
            <subfield code="e">ERDB-JP</subfield>
            <subfield code="c">Freely Accessible Japanese Titles</subfield>
            <subfield code="created">2019-07-22 17:54:14</subfield>
            <subfield code="j">62410302070003811</subfield>
            <subfield code="a">53471420320003811</subfield>
            <subfield code="b">https://sandbox01-na.alma.exlibrisgroup.com/view/uresolver/01TULI_INST/openurl?u.ignore_date_coverage=true&amp;rft.mms_id=991037293121503811</subfield>
            <subfield code="g"> Available from 2016 volume: 28.</subfield>
            <subfield code="9">Available</subfield>
            <subfield code="h">613660000000000003</subfield>
            <subfield code="8">53471420320003811</subfield>
          </datafield>
        </record>
      </metadata>
    </record>