
    <record>
      <header>
        <identifier>oai:alma.01TULI_INST:991037293202503811</identifier>
        <datestamp>2021-01-06T09:57:03Z</datestamp>
        <setSpec>blacklight</setSpec>
        <setSpec>rapid_electronic_journals</setSpec>
        <setSpec>BrowZine</setSpec>
      </header>
      <metadata>
        <record xmlns="http://www.loc.gov/MARC21/slim" xmlns:xsi="http://www.w3.org/2001/XMLSchema-instance" xsi:schemaLocation="http://www.loc.gov/MARC21/slim http://www.loc.gov/standards/marcxml/schema/MARC21slim.xsd">
          <leader>01897nas--2200373---4500</leader>
          <controlfield tag="001">991037293202503811</controlfield>
          <controlfield tag="005">20210104164935.0</controlfield>
          <controlfield tag="008">790926u1959uuuuja-ar---o-----0---a0jpnr-</controlfield>
          <datafield tag="016" ind1="7" ind2=" ">
            <subfield code="a">012521159</subfield>
            <subfield code="2">DE-101</subfield>
          </datafield>
          <datafield tag="016" ind1="7" ind2=" ">
            <subfield code="a">440536-5</subfield>
            <subfield code="2">DE-600</subfield>
          </datafield>
          <datafield tag="030" ind1=" " ind2=" ">
            <subfield code="a">MDKGBK</subfield>
          </datafield>
          <datafield tag="035" ind1=" " ind2=" ">
            <subfield code="a">(CKB)110978979265254</subfield>
          </datafield>
          <datafield tag="035" ind1=" " ind2=" ">
            <subfield code="a">(CONSER)---79645059-</subfield>
          </datafield>
          <datafield tag="035" ind1=" " ind2=" ">
            <subfield code="a">(EXLCZ)99110978979265254</subfield>
          </datafield>
          <datafield tag="042" ind1=" " ind2=" ">
            <subfield code="a">pcc</subfield>
          </datafield>
          <datafield tag="050" ind1="0" ind2="0">
            <subfield code="a">Q4</subfield>
            <subfield code="b">.M38b</subfield>
          </datafield>
          <datafield tag="110" ind1="2" ind2=" ">
            <subfield code="a">Meiji Daigaku.</subfield>
            <subfield code="b">Kagaku Gijutsu Kenkyūjo.</subfield>
          </datafield>
          <datafield tag="245" ind1="0" ind2="0">
            <subfield code="a">明治大学科学技術研究所年報 [[メイジダイガクカガクギジュツケンキュウジョネンポウ]]</subfield>
          </datafield>
          <datafield tag="246" ind1="3" ind2="1">
            <subfield code="a">Meiji Daigaku Kagaku Gijutsu Kenkyūjo nenpō</subfield>
          </datafield>
          <datafield tag="260" ind1=" " ind2=" ">
            <subfield code="a">[Kawasaki, etc.]</subfield>
            <subfield code="b">Meiji Daigaku Kagaku Gijutsu Kenkyūjo.</subfield>
          </datafield>
          <datafield tag="300" ind1=" " ind2=" ">
            <subfield code="a">1 online resource</subfield>
          </datafield>
          <datafield tag="336" ind1=" " ind2=" ">
            <subfield code="a">text</subfield>
            <subfield code="b">txt</subfield>
            <subfield code="2">rdacontent</subfield>
          </datafield>
          <datafield tag="362" ind1="0" ind2=" ">
            <subfield code="a">dai 1- gō; 1959-</subfield>
          </datafield>
          <datafield tag="510" ind1="2" ind2=" ">
            <subfield code="a">Chemical abstracts</subfield>
            <subfield code="x">0009-2258</subfield>
          </datafield>
          <datafield tag="546" ind1=" " ind2=" ">
            <subfield code="a">In Japanese.</subfield>
          </datafield>
          <datafield tag="655" ind1=" " ind2="0">
            <subfield code="a">Electronic journals.</subfield>
          </datafield>
          <datafield tag="650" ind1=" " ind2="0">
            <subfield code="a">Science</subfield>
            <subfield code="v">Periodicals.</subfield>
          </datafield>
          <datafield tag="650" ind1=" " ind2="0">
            <subfield code="a">Technology</subfield>
            <subfield code="v">Periodicals.</subfield>
          </datafield>
          <datafield tag="650" ind1=" " ind2="7">
            <subfield code="a">Science.</subfield>
            <subfield code="2">fast</subfield>
            <subfield code="0">(OCoLC)fst01108176</subfield>
          </datafield>
          <datafield tag="650" ind1=" " ind2="7">
            <subfield code="a">Technology.</subfield>
            <subfield code="2">fast</subfield>
            <subfield code="0">(OCoLC)fst01145078</subfield>
          </datafield>
          <datafield tag="655" ind1=" " ind2="7">
            <subfield code="a">Periodicals.</subfield>
            <subfield code="2">fast</subfield>
            <subfield code="0">(OCoLC)fst01411641</subfield>
          </datafield>
          <datafield tag="776" ind1="0" ind2="8">
            <subfield code="i">Print version:</subfield>
            <subfield code="t">明治大学科学技術研究所年報 [[メイジダイガクカガクギジュツケンキュウジョネンポウ]]</subfield>
            <subfield code="x">0543-3916</subfield>
            <subfield code="w">(DLC)---79645059-</subfield>
            <subfield code="w">(OCoLC)5428175</subfield>
          </datafield>
          <datafield tag="710" ind1="2" ind2=" ">
            <subfield code="a">Meiji Daigaku.</subfield>
            <subfield code="b">Kagaku Gijutsu Kenkyūjo.</subfield>
            <subfield code="t">Meiji Daigaku Kagaku Gijutsu Kenkyūjo nenpō.</subfield>
          </datafield>
          <datafield tag="906" ind1=" " ind2=" ">
            <subfield code="a">JOURNAL</subfield>
          </datafield>
          <datafield tag="920" ind1=" " ind2=" ">
            <subfield code="a">exl_impl conversion</subfield>
          </datafield>
          <datafield tag="ADM" ind1=" " ind2=" ">
            <subfield code="b">2021-01-06 04:33:00</subfield>
            <subfield code="e">110978979265254</subfield>
            <subfield code="d">CKB</subfield>
            <subfield code="f">20100312120414.0</subfield>
            <subfield code="a">2012-02-25 23:17:28</subfield>
            <subfield code="c">false</subfield>
          </datafield>
          <datafield tag="PRT" ind1=" " ind2=" ">
            <subfield code="i">61410302080003811</subfield>
            <subfield code="updated">2019-07-22 17:49:17</subfield>
            <subfield code="e">ERDB-JP</subfield>
            <subfield code="c">Freely Accessible Japanese Titles</subfield>
            <subfield code="created">2019-07-22 17:49:17</subfield>
            <subfield code="j">62410302070003811</subfield>
            <subfield code="a">53471294670003811</subfield>
            <subfield code="b">https://sandbox01-na.alma.exlibrisgroup.com/view/uresolver/01TULI_INST/openurl?u.ignore_date_coverage=true&amp;rft.mms_id=991037293202503811</subfield>
            <subfield code="g"> Available from 2010 issue: 50 until 2010 issue: 51.</subfield>
            <subfield code="9">Available</subfield>
            <subfield code="h">613660000000000003</subfield>
            <subfield code="8">53471294670003811</subfield>
          </datafield>
        </record>
      </metadata>
    </record>