
    <record>
      <header>
        <identifier>oai:alma.01TULI_INST:991037293180303811</identifier>
        <datestamp>2021-01-06T09:57:01Z</datestamp>
        <setSpec>blacklight</setSpec>
        <setSpec>rapid_electronic_journals</setSpec>
        <setSpec>BrowZine</setSpec>
      </header>
      <metadata>
        <record xmlns="http://www.loc.gov/MARC21/slim" xmlns:xsi="http://www.w3.org/2001/XMLSchema-instance" xsi:schemaLocation="http://www.loc.gov/MARC21/slim http://www.loc.gov/standards/marcxml/schema/MARC21slim.xsd">
          <leader>01469nas--2200385-i-4500</leader>
          <controlfield tag="001">991037293180303811</controlfield>
          <controlfield tag="005">20210104172011.0</controlfield>
          <controlfield tag="008">161031c19719999ja-ar---o-----0---d0jpn--</controlfield>
          <datafield tag="010" ind1=" " ind2=" ">
            <subfield code="a">  2016211966</subfield>
          </datafield>
          <datafield tag="035" ind1=" " ind2=" ">
            <subfield code="a">(OCoLC)961479727</subfield>
          </datafield>
          <datafield tag="035" ind1=" " ind2=" ">
            <subfield code="a">(CKB)4920000000049916</subfield>
          </datafield>
          <datafield tag="035" ind1=" " ind2=" ">
            <subfield code="a">(CONSER)--2016211966</subfield>
          </datafield>
          <datafield tag="035" ind1=" " ind2=" ">
            <subfield code="a">(EXLCZ)994920000000049916</subfield>
          </datafield>
          <datafield tag="042" ind1=" " ind2=" ">
            <subfield code="a">pcc</subfield>
          </datafield>
          <datafield tag="050" ind1="0" ind2="0">
            <subfield code="a">BJ8.J3</subfield>
            <subfield code="b">R555</subfield>
          </datafield>
          <datafield tag="066" ind1=" " ind2=" ">
            <subfield code="c">$1</subfield>
          </datafield>
          <datafield tag="245" ind1="0" ind2="0">
            <subfield code="a">倫理学研究 [[リンリガク ケンキュウ]]</subfield>
          </datafield>
          <datafield tag="246" ind1="1" ind2="1">
            <subfield code="a">Annals of ethical studies</subfield>
          </datafield>
          <datafield tag="264" ind1=" " ind2="1">
            <subfield code="6">880-02</subfield>
            <subfield code="a">Kyōto-shi :</subfield>
            <subfield code="b">Kōyō Shobō</subfield>
          </datafield>
          <datafield tag="880" ind1=" " ind2="1">
            <subfield code="6">264-02/$1</subfield>
            <subfield code="a">京都市 :</subfield>
            <subfield code="b">晃洋書房</subfield>
          </datafield>
          <datafield tag="300" ind1=" " ind2=" ">
            <subfield code="a">volumes ;</subfield>
            <subfield code="c">21 cm</subfield>
          </datafield>
          <datafield tag="310" ind1=" " ind2=" ">
            <subfield code="a">Annual</subfield>
          </datafield>
          <datafield tag="336" ind1=" " ind2=" ">
            <subfield code="a">text</subfield>
            <subfield code="b">txt</subfield>
            <subfield code="2">rdacontent</subfield>
          </datafield>
          <datafield tag="337" ind1=" " ind2=" ">
            <subfield code="a">unmediated</subfield>
            <subfield code="b">n</subfield>
            <subfield code="2">rdamedia</subfield>
          </datafield>
          <datafield tag="338" ind1=" " ind2=" ">
            <subfield code="a">volume</subfield>
            <subfield code="b">nc</subfield>
            <subfield code="2">rdacarrier</subfield>
          </datafield>
          <datafield tag="362" ind1="1" ind2=" ">
            <subfield code="a">Began in 1971.</subfield>
          </datafield>
          <datafield tag="588" ind1=" " ind2=" ">
            <subfield code="a">Description based on: Dai 42-gō (2012-nen); title from title page.</subfield>
          </datafield>
          <datafield tag="588" ind1=" " ind2=" ">
            <subfield code="a">Latest issue consulted: Dai 42-gō (2012-nen).</subfield>
          </datafield>
          <datafield tag="650" ind1=" " ind2="0">
            <subfield code="a">Ethics</subfield>
            <subfield code="v">Periodicals.</subfield>
          </datafield>
          <datafield tag="650" ind1=" " ind2="7">
            <subfield code="a">Ethics.</subfield>
            <subfield code="2">fast</subfield>
            <subfield code="0">(OCoLC)fst00915833</subfield>
          </datafield>
          <datafield tag="655" ind1=" " ind2="7">
            <subfield code="a">Periodicals.</subfield>
            <subfield code="2">fast</subfield>
            <subfield code="0">(OCoLC)fst01411641</subfield>
          </datafield>
          <datafield tag="776" ind1=" " ind2=" ">
            <subfield code="x">0387-7485</subfield>
          </datafield>
          <datafield tag="710" ind1="2" ind2=" ">
            <subfield code="6">880-03</subfield>
            <subfield code="a">Kansai Rinri Gakkai,</subfield>
            <subfield code="e">issuing body.</subfield>
          </datafield>
          <datafield tag="880" ind1="2" ind2=" ">
            <subfield code="6">710-03/$1</subfield>
            <subfield code="a">関西倫理学会,</subfield>
            <subfield code="e">issuing body.</subfield>
          </datafield>
          <datafield tag="880" ind1="0" ind2="0">
            <subfield code="6">245-01/$1</subfield>
            <subfield code="a">倫理学研究.</subfield>
          </datafield>
          <datafield tag="906" ind1=" " ind2=" ">
            <subfield code="a">JOURNAL</subfield>
          </datafield>
          <datafield tag="ADM" ind1=" " ind2=" ">
            <subfield code="b">2021-01-06 08:38:09</subfield>
            <subfield code="e">(CKB)4920000000049916</subfield>
            <subfield code="d">CKB</subfield>
            <subfield code="a">2019-07-16 23:51:25</subfield>
            <subfield code="c">false</subfield>
          </datafield>
          <datafield tag="PRT" ind1=" " ind2=" ">
            <subfield code="i">61337194880003811</subfield>
            <subfield code="updated">2020-10-26 05:15:08</subfield>
            <subfield code="e">J-STAGE</subfield>
            <subfield code="c">J-STAGE Free</subfield>
            <subfield code="created">2020-10-06 06:18:16</subfield>
            <subfield code="j">62337194870003811</subfield>
            <subfield code="a">53536137280003811</subfield>
            <subfield code="b">https://sandbox01-na.alma.exlibrisgroup.com/view/uresolver/01TULI_INST/openurl?u.ignore_date_coverage=true&amp;rft.mms_id=991037293180303811</subfield>
            <subfield code="g"> Available from 2009.</subfield>
            <subfield code="9">Available</subfield>
            <subfield code="h">61111054751068000</subfield>
            <subfield code="8">53536137280003811</subfield>
          </datafield>
          <datafield tag="PRT" ind1=" " ind2=" ">
            <subfield code="i">61410302080003811</subfield>
            <subfield code="updated">2020-07-06 12:34:03</subfield>
            <subfield code="e">ERDB-JP</subfield>
            <subfield code="c">Freely Accessible Japanese Titles</subfield>
            <subfield code="created">2019-07-22 17:50:40</subfield>
            <subfield code="j">62410302070003811</subfield>
            <subfield code="a">53471418010003811</subfield>
            <subfield code="b">https://sandbox01-na.alma.exlibrisgroup.com/view/uresolver/01TULI_INST/openurl?u.ignore_date_coverage=true&amp;rft.mms_id=991037293180303811</subfield>
            <subfield code="g"> Available from 2011 issue: 41 until 2012 issue: 42.</subfield>
            <subfield code="9">Available</subfield>
            <subfield code="h">613660000000000003</subfield>
            <subfield code="8">53471418010003811</subfield>
          </datafield>
        </record>
      </metadata>
    </record>