
    <record>
      <header>
        <identifier>oai:alma.01TULI_INST:991037293174603811</identifier>
        <datestamp>2021-01-05T21:52:58Z</datestamp>
        <setSpec>blacklight</setSpec>
        <setSpec>rapid_electronic_journals</setSpec>
        <setSpec>BrowZine</setSpec>
      </header>
      <metadata>
        <record xmlns="http://www.loc.gov/MARC21/slim" xmlns:xsi="http://www.w3.org/2001/XMLSchema-instance" xsi:schemaLocation="http://www.loc.gov/MARC21/slim http://www.loc.gov/standards/marcxml/schema/MARC21slim.xsd">
          <leader>-----nas-a22-----z--4500</leader>
          <controlfield tag="001">991037293174603811</controlfield>
          <controlfield tag="008">190714uuuuuuuuuuuuuu-p-o----u|----|jpn-d</controlfield>
          <datafield tag="035" ind1=" " ind2=" ">
            <subfield code="a">(CKB)4920000000049973</subfield>
          </datafield>
          <datafield tag="035" ind1=" " ind2=" ">
            <subfield code="a">(EXLCZ)994920000000049973</subfield>
          </datafield>
          <datafield tag="245" ind1="0" ind2="0">
            <subfield code="a">遠洋リサーチ&amp;トピックス : 独立行政法人水産総合研究センター研究開発情報 [[エンヨウ リサーチ &amp; トピックス : ドクリツ ギョウセイ ホウジン スイサン ソウゴウ ケンキュウ センター ケンキュウ カイハツ ジョウホウ = ENYO research &amp; topics]]</subfield>
          </datafield>
          <datafield tag="246" ind1=" " ind2=" ">
            <subfield code="a">遠洋リサーチ&amp;トピックス </subfield>
          </datafield>
          <datafield tag="246" ind1=" " ind2=" ">
            <subfield code="a">エンヨウ リサーチ &amp; トピックス </subfield>
          </datafield>
          <datafield tag="260" ind1=" " ind2=" ">
            <subfield code="b">遠洋水産研究所</subfield>
          </datafield>
          <datafield tag="776" ind1=" " ind2=" ">
            <subfield code="x">1880-9103</subfield>
          </datafield>
          <datafield tag="906" ind1=" " ind2=" ">
            <subfield code="a">JOURNAL</subfield>
          </datafield>
          <datafield tag="ADM" ind1=" " ind2=" ">
            <subfield code="b">2019-07-22 17:50:59</subfield>
            <subfield code="e">(CKB)4920000000049973</subfield>
            <subfield code="d">CKB</subfield>
            <subfield code="a">2019-07-16 23:51:25</subfield>
            <subfield code="c">false</subfield>
          </datafield>
          <datafield tag="PRT" ind1=" " ind2=" ">
            <subfield code="i">61410302080003811</subfield>
            <subfield code="updated">2021-01-05 15:40:09</subfield>
            <subfield code="e">ERDB-JP</subfield>
            <subfield code="c">Freely Accessible Japanese Titles</subfield>
            <subfield code="created">2019-07-22 17:50:59</subfield>
            <subfield code="j">62410302070003811</subfield>
            <subfield code="a">53471416300003811</subfield>
            <subfield code="b">https://sandbox01-na.alma.exlibrisgroup.com/view/uresolver/01TULI_INST/openurl?u.ignore_date_coverage=true&amp;rft.mms_id=991037293174603811</subfield>
            <subfield code="g"> Available from 2006 volume: 1 until 2010 volume: 9.</subfield>
            <subfield code="9">Available</subfield>
            <subfield code="h">613660000000000003</subfield>
            <subfield code="8">53471416300003811</subfield>
          </datafield>
        </record>
      </metadata>
    </record>