
    <record>
      <header>
        <identifier>oai:alma.01TULI_INST:991037293171603811</identifier>
        <datestamp>2021-01-05T21:53:16Z</datestamp>
        <setSpec>blacklight</setSpec>
        <setSpec>rapid_electronic_journals</setSpec>
        <setSpec>BrowZine</setSpec>
      </header>
      <metadata>
        <record xmlns="http://www.loc.gov/MARC21/slim" xmlns:xsi="http://www.w3.org/2001/XMLSchema-instance" xsi:schemaLocation="http://www.loc.gov/MARC21/slim http://www.loc.gov/standards/marcxml/schema/MARC21slim.xsd">
          <leader>01787nas--2200385-a-4500</leader>
          <controlfield tag="001">991037293171603811</controlfield>
          <controlfield tag="005">20210104162403.0</controlfield>
          <controlfield tag="008">060831c19uu9999ja-ar-p-o-----0---d0jpn--</controlfield>
          <datafield tag="010" ind1=" " ind2=" ">
            <subfield code="a">--2006211634</subfield>
          </datafield>
          <datafield tag="022" ind1=" " ind2=" ">
            <subfield code="a">1880-8697</subfield>
          </datafield>
          <datafield tag="035" ind1=" " ind2=" ">
            <subfield code="a">(OCoLC)71225695</subfield>
          </datafield>
          <datafield tag="035" ind1=" " ind2=" ">
            <subfield code="a">(CKB)1000000000314145</subfield>
          </datafield>
          <datafield tag="035" ind1=" " ind2=" ">
            <subfield code="a">(CONSER)--2006211634</subfield>
          </datafield>
          <datafield tag="035" ind1=" " ind2=" ">
            <subfield code="a">(EXLCZ)991000000000314145</subfield>
          </datafield>
          <datafield tag="041" ind1="0" ind2=" ">
            <subfield code="a">jpn</subfield>
            <subfield code="f">eng</subfield>
          </datafield>
          <datafield tag="042" ind1=" " ind2=" ">
            <subfield code="a">pcc</subfield>
          </datafield>
          <datafield tag="043" ind1=" " ind2=" ">
            <subfield code="a">a-ja---</subfield>
          </datafield>
          <datafield tag="050" ind1="0" ind2="0">
            <subfield code="a">K24</subfield>
            <subfield code="b">.O374</subfield>
          </datafield>
          <datafield tag="066" ind1=" " ind2=" ">
            <subfield code="c">$1</subfield>
          </datafield>
          <datafield tag="245" ind1="0" ind2="0">
            <subfield code="a">東北学院法学 [[トウホクガクインホウガク]]</subfield>
          </datafield>
          <datafield tag="246" ind1=" " ind2=" ">
            <subfield code="a">とうほくがくいんほうがく</subfield>
          </datafield>
          <datafield tag="246" ind1="1" ind2="5">
            <subfield code="a">Tohoku Gakuin University review of law and political science</subfield>
          </datafield>
          <datafield tag="260" ind1=" " ind2=" ">
            <subfield code="6">880-02</subfield>
            <subfield code="a">Sendai-shi :</subfield>
            <subfield code="b">Tōhoku Gakuin Daigaku Gakujutsu Kenkyukai</subfield>
          </datafield>
          <datafield tag="880" ind1=" " ind2=" ">
            <subfield code="6">260-02/$1</subfield>
            <subfield code="a">仙市 :</subfield>
            <subfield code="b">東北学院大学学術研究会</subfield>
          </datafield>
          <datafield tag="300" ind1=" " ind2=" ">
            <subfield code="a">v. ;</subfield>
            <subfield code="c">21 cm.</subfield>
          </datafield>
          <datafield tag="310" ind1=" " ind2=" ">
            <subfield code="a">Annual</subfield>
          </datafield>
          <datafield tag="500" ind1=" " ind2=" ">
            <subfield code="a">Title from cover.</subfield>
          </datafield>
          <datafield tag="546" ind1=" " ind2=" ">
            <subfield code="a">In Japanese, with table of contents also in English.</subfield>
          </datafield>
          <datafield tag="588" ind1=" " ind2=" ">
            <subfield code="a">Latest issue consulted: Dai 64-gō (2006-nen 3-gatsu).</subfield>
          </datafield>
          <datafield tag="650" ind1=" " ind2="0">
            <subfield code="a">Law</subfield>
            <subfield code="z">Japan</subfield>
            <subfield code="v">Periodicals.</subfield>
          </datafield>
          <datafield tag="650" ind1=" " ind2="0">
            <subfield code="a">Political science</subfield>
            <subfield code="v">Periodicals.</subfield>
          </datafield>
          <datafield tag="710" ind1="2" ind2=" ">
            <subfield code="6">880-03</subfield>
            <subfield code="a">Tōhoku Gakuin Daigaku.</subfield>
            <subfield code="b">Gakujutsu Kenkyukai.</subfield>
          </datafield>
          <datafield tag="880" ind1="2" ind2=" ">
            <subfield code="6">710-03/$1</subfield>
            <subfield code="a">東北学院大学.</subfield>
            <subfield code="b">学術研究会.</subfield>
          </datafield>
          <datafield tag="880" ind1="0" ind2="0">
            <subfield code="6">245-01/$1</subfield>
            <subfield code="a">東北学院法学.</subfield>
          </datafield>
          <datafield tag="880" ind1="0" ind2="0">
            <subfield code="6">780-04/$1</subfield>
            <subfield code="a">東北学院大学論集. 法律学.</subfield>
            <subfield code="x">0385-4094</subfield>
            <subfield code="w">(DLC)  2002208366</subfield>
            <subfield code="w">(OCoLC)50476581</subfield>
          </datafield>
          <datafield tag="906" ind1=" " ind2=" ">
            <subfield code="a">JOURNAL</subfield>
          </datafield>
          <datafield tag="ADM" ind1=" " ind2=" ">
            <subfield code="b">2021-01-05 16:06:58</subfield>
            <subfield code="e">1000000000314145</subfield>
            <subfield code="d">CKB</subfield>
            <subfield code="a">2012-02-26 01:43:55</subfield>
            <subfield code="c">false</subfield>
          </datafield>
          <datafield tag="PRT" ind1=" " ind2=" ">
            <subfield code="i">61410302080003811</subfield>
            <subfield code="updated">2019-07-22 17:51:12</subfield>
            <subfield code="e">ERDB-JP</subfield>
            <subfield code="c">Freely Accessible Japanese Titles</subfield>
            <subfield code="created">2019-07-22 17:51:12</subfield>
            <subfield code="j">62410302070003811</subfield>
            <subfield code="a">53471415400003811</subfield>
            <subfield code="b">https://sandbox01-na.alma.exlibrisgroup.com/view/uresolver/01TULI_INST/openurl?u.ignore_date_coverage=true&amp;rft.mms_id=991037293171603811</subfield>
            <subfield code="g"> Available from 2014 volume: 75.</subfield>
            <subfield code="9">Available</subfield>
            <subfield code="h">613660000000000003</subfield>
            <subfield code="8">53471415400003811</subfield>
          </datafield>
        </record>
      </metadata>
    </record>