
    <record>
      <header>
        <identifier>oai:alma.01TULI_INST:991037293202603811</identifier>
        <datestamp>2021-01-06T09:57:00Z</datestamp>
        <setSpec>blacklight</setSpec>
        <setSpec>rapid_electronic_journals</setSpec>
        <setSpec>BrowZine</setSpec>
      </header>
      <metadata>
        <record xmlns="http://www.loc.gov/MARC21/slim" xmlns:xsi="http://www.w3.org/2001/XMLSchema-instance" xsi:schemaLocation="http://www.loc.gov/MARC21/slim http://www.loc.gov/standards/marcxml/schema/MARC21slim.xsd">
          <leader>03735nas--2200697-a-4500</leader>
          <controlfield tag="001">991037293202603811</controlfield>
          <controlfield tag="005">20210104172524.0</controlfield>
          <controlfield tag="008">890410d19882003ja-qr-p-o----f0---d0jpn--</controlfield>
          <datafield tag="010" ind1=" " ind2=" ">
            <subfield code="a">   89649030</subfield>
          </datafield>
          <datafield tag="015" ind1=" " ind2=" ">
            <subfield code="a">010543651</subfield>
            <subfield code="2">dnb</subfield>
          </datafield>
          <datafield tag="015" ind1=" " ind2=" ">
            <subfield code="a">016178564</subfield>
            <subfield code="2">dnb</subfield>
          </datafield>
          <datafield tag="016" ind1="7" ind2=" ">
            <subfield code="a">61420-8</subfield>
            <subfield code="2">DE-600</subfield>
          </datafield>
          <datafield tag="016" ind1="7" ind2=" ">
            <subfield code="a">1087165-2</subfield>
            <subfield code="2">DE-600</subfield>
          </datafield>
          <datafield tag="016" ind1="7" ind2=" ">
            <subfield code="a">009221199</subfield>
            <subfield code="2">Uk</subfield>
          </datafield>
          <datafield tag="016" ind1="7" ind2=" ">
            <subfield code="a">010543651</subfield>
            <subfield code="2">de-101</subfield>
          </datafield>
          <datafield tag="016" ind1="7" ind2=" ">
            <subfield code="a">614208</subfield>
            <subfield code="2">de-600</subfield>
          </datafield>
          <datafield tag="016" ind1="7" ind2=" ">
            <subfield code="a">61420-8</subfield>
            <subfield code="2">DE-600</subfield>
          </datafield>
          <datafield tag="016" ind1="7" ind2=" ">
            <subfield code="a">1087165-2</subfield>
            <subfield code="2">DE-600</subfield>
          </datafield>
          <datafield tag="016" ind1="7" ind2=" ">
            <subfield code="a">009221199</subfield>
            <subfield code="2">Uk</subfield>
          </datafield>
          <datafield tag="016" ind1="7" ind2=" ">
            <subfield code="a">010543651</subfield>
            <subfield code="2">de-101</subfield>
          </datafield>
          <datafield tag="016" ind1="7" ind2=" ">
            <subfield code="a">614208</subfield>
            <subfield code="2">de-600</subfield>
          </datafield>
          <datafield tag="022" ind1=" " ind2=" ">
            <subfield code="a">0914-9279</subfield>
          </datafield>
          <datafield tag="030" ind1=" " ind2=" ">
            <subfield code="a">TSKKED</subfield>
          </datafield>
          <datafield tag="035" ind1=" " ind2=" ">
            <subfield code="a">(OCoLC)19525090</subfield>
          </datafield>
          <datafield tag="035" ind1=" " ind2=" ">
            <subfield code="a">(CKB)958480173562</subfield>
          </datafield>
          <datafield tag="035" ind1=" " ind2=" ">
            <subfield code="a">(CONSER)---89649030-</subfield>
          </datafield>
          <datafield tag="035" ind1=" " ind2=" ">
            <subfield code="a">(EXLCZ)99958480173562</subfield>
          </datafield>
          <datafield tag="041" ind1="0" ind2=" ">
            <subfield code="a">jpn</subfield>
            <subfield code="b">eng</subfield>
          </datafield>
          <datafield tag="042" ind1=" " ind2=" ">
            <subfield code="a">pcc</subfield>
            <subfield code="a">nsdp</subfield>
          </datafield>
          <datafield tag="043" ind1=" " ind2=" ">
            <subfield code="a">a-ja---</subfield>
          </datafield>
          <datafield tag="050" ind1="0" ind2="0">
            <subfield code="a">QC676</subfield>
            <subfield code="b">.D46</subfield>
          </datafield>
          <datafield tag="066" ind1=" " ind2=" ">
            <subfield code="c">$1</subfield>
          </datafield>
          <datafield tag="210" ind1=" " ind2=" ">
            <subfield code="a">REVIEW OF THE COMMUNICATIONS RESEARCH LABORATORY</subfield>
          </datafield>
          <datafield tag="210" ind1="0" ind2=" ">
            <subfield code="a">Tsūshin Sōgō Kenkyūjo kihō</subfield>
          </datafield>
          <datafield tag="210" ind1="0" ind2=" ">
            <subfield code="a">Tsūshin Sōgō Kenkyūjo kihō</subfield>
          </datafield>
          <datafield tag="222" ind1=" " ind2="0">
            <subfield code="a">Tsūshin Sōgō Kenkyūjo kihō</subfield>
          </datafield>
          <datafield tag="245" ind1=" " ind2=" ">
            <subfield code="a">通信総合研究所季報 [[ツウシンソウゴウケンキュウジョキホウ]]</subfield>
          </datafield>
          <datafield tag="246" ind1=" " ind2=" ">
            <subfield code="a">つうしんそうごうけんきゅうじょきほう</subfield>
          </datafield>
          <datafield tag="260" ind1=" " ind2=" ">
            <subfield code="6">880-02</subfield>
            <subfield code="a">Tōkyō-to :</subfield>
            <subfield code="b">Denki Tsūshin Shinkōkai,</subfield>
            <subfield code="c">Shōwa 63 [1988]-2004.</subfield>
          </datafield>
          <datafield tag="880" ind1=" " ind2=" ">
            <subfield code="6">260-02/$1</subfield>
            <subfield code="a">東京都 :</subfield>
            <subfield code="b">電気通信振興会,</subfield>
            <subfield code="c">昭和 63 [1988]-2004.</subfield>
          </datafield>
          <datafield tag="300" ind1=" " ind2=" ">
            <subfield code="a">15 v. :</subfield>
            <subfield code="b">ill. ;</subfield>
            <subfield code="c">26 cm.</subfield>
          </datafield>
          <datafield tag="310" ind1=" " ind2=" ">
            <subfield code="a">Quarterly</subfield>
          </datafield>
          <datafield tag="362" ind1="0" ind2=" ">
            <subfield code="a">Dai 34-kan dai 171-gō (Shōwa 63 [1988] 6-gatsugō)-dai 49-kan dai 3/4-gō (Sept./Dec. 2003).</subfield>
          </datafield>
          <datafield tag="500" ind1=" " ind2=" ">
            <subfield code="a">Title from cover.</subfield>
          </datafield>
          <datafield tag="515" ind1=" " ind2=" ">
            <subfield code="a">Sept./Dec. 2003 issue called also tsūkan dai 230/231-gō.</subfield>
          </datafield>
          <datafield tag="546" ind1=" " ind2=" ">
            <subfield code="a">In Japanese, with abstracts in English.</subfield>
          </datafield>
          <datafield tag="555" ind1=" " ind2=" ">
            <subfield code="a">Cumulative subject and author index included in December issue each year.</subfield>
          </datafield>
          <datafield tag="610" ind1="2" ind2="0">
            <subfield code="a">Yūseishō Tsūshin Sōgō Kenkyūjo</subfield>
            <subfield code="v">Periodicals.</subfield>
          </datafield>
          <datafield tag="610" ind1="2" ind2="7">
            <subfield code="a">Yūseishō Tsūshin Sōgō Kenkyūjo.</subfield>
            <subfield code="2">fast</subfield>
            <subfield code="0">(OCoLC)fst00643561</subfield>
          </datafield>
          <datafield tag="650" ind1=" " ind2="0">
            <subfield code="a">Telecommunication</subfield>
            <subfield code="x">Research</subfield>
            <subfield code="z">Japan</subfield>
            <subfield code="v">Periodicals.</subfield>
          </datafield>
          <datafield tag="650" ind1=" " ind2="0">
            <subfield code="a">Radio</subfield>
            <subfield code="x">Research</subfield>
            <subfield code="z">Japan</subfield>
            <subfield code="v">Periodicals.</subfield>
          </datafield>
          <datafield tag="650" ind1=" " ind2="7">
            <subfield code="a">Radio</subfield>
            <subfield code="x">Research.</subfield>
            <subfield code="2">fast</subfield>
            <subfield code="0">(OCoLC)fst01087141</subfield>
          </datafield>
          <datafield tag="650" ind1=" " ind2="7">
            <subfield code="a">Telecommunication</subfield>
            <subfield code="x">Research.</subfield>
            <subfield code="2">fast</subfield>
            <subfield code="0">(OCoLC)fst01145926</subfield>
          </datafield>
          <datafield tag="651" ind1=" " ind2="7">
            <subfield code="a">Japan.</subfield>
            <subfield code="2">fast</subfield>
            <subfield code="0">(OCoLC)fst01204082</subfield>
          </datafield>
          <datafield tag="655" ind1=" " ind2="7">
            <subfield code="a">Periodicals.</subfield>
            <subfield code="2">fast</subfield>
            <subfield code="0">(OCoLC)fst01411641</subfield>
          </datafield>
          <datafield tag="780" ind1="0" ind2="0">
            <subfield code="t">電波研究所季報 [[デンパケンキュウジョキホウ]]</subfield>
            <subfield code="w">(CKB)958480217723</subfield>
            <subfield code="w">(DLC)</subfield>
            <subfield code="w">(OCoLC)</subfield>
            <subfield code="x">0033-801X</subfield>
          </datafield>
          <datafield tag="710" ind1="2" ind2=" ">
            <subfield code="6">880-03</subfield>
            <subfield code="a">Yūseishō Tsūshin Sōgō Kenkyūjo.</subfield>
          </datafield>
          <datafield tag="880" ind1="2" ind2=" ">
            <subfield code="6">710-03/$1</subfield>
            <subfield code="a">郵政省通信総合研究所.</subfield>
          </datafield>
          <datafield tag="880" ind1="0" ind2="0">
            <subfield code="6">245-01/$1</subfield>
            <subfield code="a">通信総合研究所季報 =</subfield>
            <subfield code="b">Review of the Communications Research Laboratory /</subfield>
            <subfield code="c">編集郵政省通信総合研究所.</subfield>
          </datafield>
          <datafield tag="880" ind1="0" ind2="0">
            <subfield code="6">780-04/$1</subfield>
            <subfield code="t">電波研究所季報</subfield>
            <subfield code="x">0033-801X</subfield>
            <subfield code="w">(DLC)   87647413</subfield>
            <subfield code="w">(OCoLC)9156725</subfield>
          </datafield>
          <datafield tag="880" ind1="0" ind2="0">
            <subfield code="6">785-05/$1</subfield>
            <subfield code="t">情報通信研究機構季報</subfield>
            <subfield code="x">1349-3191</subfield>
            <subfield code="w">(DLC)  2006210903</subfield>
            <subfield code="w">(OCoLC)65174434</subfield>
          </datafield>
          <datafield tag="906" ind1=" " ind2=" ">
            <subfield code="a">JOURNAL</subfield>
          </datafield>
          <datafield tag="ADM" ind1=" " ind2=" ">
            <subfield code="b">2021-01-06 08:45:37</subfield>
            <subfield code="e">958480173562</subfield>
            <subfield code="d">CKB</subfield>
            <subfield code="a">2012-02-26 02:21:01</subfield>
            <subfield code="c">false</subfield>
          </datafield>
          <datafield tag="PRT" ind1=" " ind2=" ">
            <subfield code="i">61410302080003811</subfield>
            <subfield code="updated">2019-07-22 17:49:16</subfield>
            <subfield code="e">ERDB-JP</subfield>
            <subfield code="c">Freely Accessible Japanese Titles</subfield>
            <subfield code="created">2019-07-22 17:49:16</subfield>
            <subfield code="j">62410302070003811</subfield>
            <subfield code="a">53471294700003811</subfield>
            <subfield code="b">https://sandbox01-na.alma.exlibrisgroup.com/view/uresolver/01TULI_INST/openurl?u.ignore_date_coverage=true&amp;rft.mms_id=991037293202603811</subfield>
            <subfield code="g"> Available from 2001 volume: 47 issue: 2 until 2003 volume: 49 issue: 4.</subfield>
            <subfield code="9">Available</subfield>
            <subfield code="h">613660000000000003</subfield>
            <subfield code="8">53471294700003811</subfield>
          </datafield>
        </record>
      </metadata>
    </record>