
    <record>
      <header>
        <identifier>oai:alma.01TULI_INST:991037293176203811</identifier>
        <datestamp>2021-01-06T09:57:03Z</datestamp>
        <setSpec>blacklight</setSpec>
        <setSpec>rapid_electronic_journals</setSpec>
        <setSpec>BrowZine</setSpec>
      </header>
      <metadata>
        <record xmlns="http://www.loc.gov/MARC21/slim" xmlns:xsi="http://www.w3.org/2001/XMLSchema-instance" xsi:schemaLocation="http://www.loc.gov/MARC21/slim http://www.loc.gov/standards/marcxml/schema/MARC21slim.xsd">
          <leader>03920nas--2200445-a-4500</leader>
          <controlfield tag="001">991037293176203811</controlfield>
          <controlfield tag="005">20210104172010.0</controlfield>
          <controlfield tag="008">120808c20119999ja-||---o-----|---d0jpn--</controlfield>
          <datafield tag="010" ind1=" " ind2=" ">
            <subfield code="a">--2012212007</subfield>
          </datafield>
          <datafield tag="035" ind1=" " ind2=" ">
            <subfield code="a">(OCoLC)805395125</subfield>
          </datafield>
          <datafield tag="035" ind1=" " ind2=" ">
            <subfield code="a">(CKB)4920000000049957</subfield>
          </datafield>
          <datafield tag="035" ind1=" " ind2=" ">
            <subfield code="a">(CONSER)--2012212007</subfield>
          </datafield>
          <datafield tag="035" ind1=" " ind2=" ">
            <subfield code="a">(EXLCZ)994920000000049957</subfield>
          </datafield>
          <datafield tag="041" ind1="0" ind2=" ">
            <subfield code="a">jpn</subfield>
            <subfield code="a">eng</subfield>
          </datafield>
          <datafield tag="042" ind1=" " ind2=" ">
            <subfield code="a">pcc</subfield>
          </datafield>
          <datafield tag="050" ind1="0" ind2="0">
            <subfield code="a">AS1</subfield>
            <subfield code="b">.G35</subfield>
          </datafield>
          <datafield tag="066" ind1=" " ind2=" ">
            <subfield code="c">$1</subfield>
          </datafield>
          <datafield tag="245" ind1="0" ind2="0">
            <subfield code="a">学術研究. 人文科学・社会科学編 [[ガクジュツ ケンキュウ. ジンブン カガク シャカイ カガクヘン]]</subfield>
          </datafield>
          <datafield tag="246" ind1="1" ind2=" ">
            <subfield code="a">Academic studies and scientific research.</subfield>
            <subfield code="p">Cultural science an social science</subfield>
          </datafield>
          <datafield tag="260" ind1=" " ind2=" ">
            <subfield code="6">880-02</subfield>
            <subfield code="a">Tōkyō-to :</subfield>
            <subfield code="b">Waseda Daigaku Kyōiku Sōgō Kagaku Gakujutsuin</subfield>
          </datafield>
          <datafield tag="880" ind1=" " ind2=" ">
            <subfield code="6">260-02/$1</subfield>
            <subfield code="a">東京都 :</subfield>
            <subfield code="b">早稲田大学教育総合科学学術院</subfield>
          </datafield>
          <datafield tag="310" ind1=" " ind2=" ">
            <subfield code="a">Annual</subfield>
          </datafield>
          <datafield tag="362" ind1="1" ind2=" ">
            <subfield code="6">880-03</subfield>
            <subfield code="a">Began with dai 60-gō (2011).</subfield>
          </datafield>
          <datafield tag="880" ind1="1" ind2=" ">
            <subfield code="6">362-03/$1</subfield>
            <subfield code="a">Began with 第 60号 (2011).</subfield>
          </datafield>
          <datafield tag="546" ind1=" " ind2=" ">
            <subfield code="a">In Japanese, with table of contents also in English.</subfield>
          </datafield>
          <datafield tag="580" ind1=" " ind2=" ">
            <subfield code="6">880-04</subfield>
            <subfield code="a">Formed by union of: Gakujutsu kenyū. Chirigaku rekishigaku shakai kagaku hen; and: Gakujutsu kenkyū. Kyōikugaku, shōgai kyōikugaku, shotō kyōikugaku hen; and: Gakujutsu kenkyū. Kokugo. Kokubungaku hen; and: Gakujutsu kenkyū. Eigo, eibungaku hen and: Gakujutsu kenkyū. Kyōiku shinrigaku hen; and: Gakujutsu kenkyū. Fukuō bunkagaku hen.</subfield>
          </datafield>
          <datafield tag="880" ind1=" " ind2=" ">
            <subfield code="6">580-04/$1</subfield>
            <subfield code="a">Formed by union of : Gakujutsu kenyū. Chirigaku rekishigaku shakai kagaku hen; and: 学術研究. 教育学・生涯教育学・初等教育学編; and: 學術研究. 国語・国文学編; and: 学術研究. 英語．英文学編; and: 学術研究. 教育心理学編; and: 学術硏究. 複合文化学編.</subfield>
          </datafield>
          <datafield tag="588" ind1=" " ind2=" ">
            <subfield code="a">Description based on: Dai 60-gō (2011); title from cover.</subfield>
          </datafield>
          <datafield tag="588" ind1=" " ind2=" ">
            <subfield code="a">Latest issue consulted: Dai 60-gō (2011).</subfield>
          </datafield>
          <datafield tag="650" ind1=" " ind2="0">
            <subfield code="a">Humanities</subfield>
            <subfield code="v">Periodicals.</subfield>
          </datafield>
          <datafield tag="650" ind1=" " ind2="0">
            <subfield code="a">Social sciences</subfield>
            <subfield code="v">Periodicals.</subfield>
          </datafield>
          <datafield tag="776" ind1=" " ind2=" ">
            <subfield code="x">2186-6996</subfield>
          </datafield>
          <datafield tag="710" ind1="2" ind2=" ">
            <subfield code="6">880-05</subfield>
            <subfield code="a">Waseda Daigaku.</subfield>
            <subfield code="b">Kyōiku Sōgō Kagaku Gakujutsuin.</subfield>
          </datafield>
          <datafield tag="880" ind1="2" ind2=" ">
            <subfield code="6">710-05/$1</subfield>
            <subfield code="a">早稲田大学.</subfield>
            <subfield code="b">教育総合科学学術院.</subfield>
          </datafield>
          <datafield tag="880" ind1="0" ind2="0">
            <subfield code="6">245-01/$1</subfield>
            <subfield code="a">学術研究.</subfield>
            <subfield code="p">人文科學・社会科学編.</subfield>
          </datafield>
          <datafield tag="880" ind1="1" ind2="4">
            <subfield code="6">780-06/$1</subfield>
            <subfield code="t">学術研究. 教育学・生涯教育学・初等教育学編</subfield>
            <subfield code="x">1880-117X</subfield>
            <subfield code="w">(DLC)  2010211907</subfield>
            <subfield code="w">(OCoLC)631650632</subfield>
          </datafield>
          <datafield tag="880" ind1="1" ind2="4">
            <subfield code="6">780-07/$1</subfield>
            <subfield code="t">學術研究. 国語・国文学編</subfield>
            <subfield code="x">0913-0152</subfield>
            <subfield code="w">(DLC)   77643745</subfield>
            <subfield code="w">(OCoLC)3401323</subfield>
          </datafield>
          <datafield tag="880" ind1="1" ind2="4">
            <subfield code="6">780-08/$1</subfield>
            <subfield code="t">学術研究. 英語．英文学編</subfield>
            <subfield code="x">0915-311X</subfield>
            <subfield code="w">(DLC)   94659652</subfield>
            <subfield code="w">(OCoLC)28937628</subfield>
          </datafield>
          <datafield tag="880" ind1="1" ind2="4">
            <subfield code="6">780-09/$1</subfield>
            <subfield code="t">学術研究. 教育心理学編</subfield>
            <subfield code="x">0918-9971</subfield>
            <subfield code="w">(DLC)  2008209879</subfield>
            <subfield code="w">(OCoLC)28942308</subfield>
          </datafield>
          <datafield tag="880" ind1="1" ind2="4">
            <subfield code="6">780-10/$1</subfield>
            <subfield code="t">学術硏究. 複合文化学編</subfield>
            <subfield code="x">1882-417X</subfield>
            <subfield code="w">(DLC)  2008209953</subfield>
            <subfield code="w">(OCoLC)233982790</subfield>
          </datafield>
          <datafield tag="906" ind1=" " ind2=" ">
            <subfield code="a">JOURNAL</subfield>
          </datafield>
          <datafield tag="ADM" ind1=" " ind2=" ">
            <subfield code="b">2021-01-06 08:38:05</subfield>
            <subfield code="e">(CKB)4920000000049957</subfield>
            <subfield code="d">CKB</subfield>
            <subfield code="a">2019-07-16 23:51:25</subfield>
            <subfield code="c">false</subfield>
          </datafield>
          <datafield tag="PRT" ind1=" " ind2=" ">
            <subfield code="i">61410302080003811</subfield>
            <subfield code="updated">2019-07-22 17:50:54</subfield>
            <subfield code="e">ERDB-JP</subfield>
            <subfield code="c">Freely Accessible Japanese Titles</subfield>
            <subfield code="created">2019-07-22 17:50:54</subfield>
            <subfield code="j">62410302070003811</subfield>
            <subfield code="a">53471416780003811</subfield>
            <subfield code="b">https://sandbox01-na.alma.exlibrisgroup.com/view/uresolver/01TULI_INST/openurl?u.ignore_date_coverage=true&amp;rft.mms_id=991037293176203811</subfield>
            <subfield code="g"> Available from 2012 issue: 60.</subfield>
            <subfield code="9">Available</subfield>
            <subfield code="h">613660000000000003</subfield>
            <subfield code="8">53471416780003811</subfield>
          </datafield>
        </record>
      </metadata>
    </record>