
    <record>
      <header>
        <identifier>oai:alma.01TULI_INST:991037293201903811</identifier>
        <datestamp>2021-01-06T09:56:59Z</datestamp>
        <setSpec>blacklight</setSpec>
        <setSpec>rapid_electronic_journals</setSpec>
        <setSpec>BrowZine</setSpec>
      </header>
      <metadata>
        <record xmlns="http://www.loc.gov/MARC21/slim" xmlns:xsi="http://www.w3.org/2001/XMLSchema-instance" xsi:schemaLocation="http://www.loc.gov/MARC21/slim http://www.loc.gov/standards/marcxml/schema/MARC21slim.xsd">
          <leader>02082nas--2200493-a-4500</leader>
          <controlfield tag="001">991037293201903811</controlfield>
          <controlfield tag="005">20210104172425.0</controlfield>
          <controlfield tag="008">881101c19679999ja-qx-p-og----0----0jpn-c</controlfield>
          <datafield tag="010" ind1=" " ind2=" ">
            <subfield code="a">sn-88018997-</subfield>
          </datafield>
          <datafield tag="022" ind1=" " ind2=" ">
            <subfield code="a">0286-3782</subfield>
          </datafield>
          <datafield tag="035" ind1=" " ind2=" ">
            <subfield code="a">(OCoLC)18694570</subfield>
          </datafield>
          <datafield tag="035" ind1=" " ind2=" ">
            <subfield code="a">(CKB)991042748151928</subfield>
          </datafield>
          <datafield tag="035" ind1=" " ind2=" ">
            <subfield code="a">(CONSER)sn-88018997-</subfield>
          </datafield>
          <datafield tag="035" ind1=" " ind2=" ">
            <subfield code="a">(EXLCZ)99991042748151928</subfield>
          </datafield>
          <datafield tag="041" ind1="0" ind2=" ">
            <subfield code="a">jpn</subfield>
            <subfield code="f">eng</subfield>
          </datafield>
          <datafield tag="042" ind1=" " ind2=" ">
            <subfield code="a">pcc</subfield>
          </datafield>
          <datafield tag="043" ind1=" " ind2=" ">
            <subfield code="a">a-ja---</subfield>
          </datafield>
          <datafield tag="050" ind1="0" ind2="0">
            <subfield code="a">K23</subfield>
            <subfield code="b">.A525</subfield>
          </datafield>
          <datafield tag="066" ind1=" " ind2=" ">
            <subfield code="c">$1</subfield>
          </datafield>
          <datafield tag="210" ind1="0" ind2=" ">
            <subfield code="6">880-01</subfield>
            <subfield code="a">Sandai hōgaku</subfield>
          </datafield>
          <datafield tag="880" ind1="0" ind2=" ">
            <subfield code="6">210-01/$1</subfield>
            <subfield code="a">産大法学</subfield>
          </datafield>
          <datafield tag="222" ind1=" " ind2="0">
            <subfield code="6">880-02</subfield>
            <subfield code="a">Sandai hōgaku</subfield>
          </datafield>
          <datafield tag="880" ind1=" " ind2="0">
            <subfield code="6">222-02/$1</subfield>
            <subfield code="a">産大法学</subfield>
          </datafield>
          <datafield tag="245" ind1="0" ind2="0">
            <subfield code="a">産大法学 [[サンダイホウガク]]</subfield>
          </datafield>
          <datafield tag="246" ind1=" " ind2=" ">
            <subfield code="a">Sandai law review</subfield>
          </datafield>
          <datafield tag="246" ind1=" " ind2=" ">
            <subfield code="a">さんだいほうがく</subfield>
          </datafield>
          <datafield tag="246" ind1="1" ind2="3">
            <subfield code="a">Sandai law review</subfield>
            <subfield code="f">1985-</subfield>
          </datafield>
          <datafield tag="260" ind1=" " ind2=" ">
            <subfield code="6">880-04</subfield>
            <subfield code="a">Kyōto-shi :</subfield>
            <subfield code="b">Kyōto Sangyō Daigaku Hōgakkai,</subfield>
            <subfield code="c">Shōwa 42 [1967]-</subfield>
          </datafield>
          <datafield tag="880" ind1=" " ind2=" ">
            <subfield code="6">260-04/$1</subfield>
            <subfield code="a">京都市 :</subfield>
            <subfield code="b">京都産業大学法学会,</subfield>
            <subfield code="c">昭和42 [1967]-</subfield>
          </datafield>
          <datafield tag="300" ind1=" " ind2=" ">
            <subfield code="a">v. :</subfield>
            <subfield code="b">ill. ;</subfield>
            <subfield code="c">21 cm.</subfield>
          </datafield>
          <datafield tag="310" ind1=" " ind2=" ">
            <subfield code="a">Four issues yearly</subfield>
          </datafield>
          <datafield tag="362" ind1="0" ind2=" ">
            <subfield code="6">880-05</subfield>
            <subfield code="a">Sōkangō-</subfield>
          </datafield>
          <datafield tag="880" ind1="0" ind2=" ">
            <subfield code="6">362-05/$1</subfield>
            <subfield code="a">創刊号-</subfield>
          </datafield>
          <datafield tag="515" ind1=" " ind2=" ">
            <subfield code="a">Vol. 1 complete in 2 issues.</subfield>
          </datafield>
          <datafield tag="546" ind1=" " ind2=" ">
            <subfield code="a">Table of contents also in English.</subfield>
          </datafield>
          <datafield tag="555" ind1=" " ind2=" ">
            <subfield code="a">Vols. 1 (1967)-4 (Mar. 1971).  1 v.</subfield>
          </datafield>
          <datafield tag="650" ind1=" " ind2="0">
            <subfield code="a">Law</subfield>
            <subfield code="z">Japan</subfield>
            <subfield code="v">Periodicals.</subfield>
          </datafield>
          <datafield tag="650" ind1=" " ind2="0">
            <subfield code="a">Law</subfield>
            <subfield code="v">Periodicals.</subfield>
          </datafield>
          <datafield tag="710" ind1="2" ind2=" ">
            <subfield code="6">880-06</subfield>
            <subfield code="a">Kyōto Sangyō Daigaku.</subfield>
            <subfield code="b">Hōgakkai.</subfield>
          </datafield>
          <datafield tag="880" ind1="2" ind2=" ">
            <subfield code="6">710-06/$1</subfield>
            <subfield code="a">京都産業大学.</subfield>
            <subfield code="b">法学会.</subfield>
          </datafield>
          <datafield tag="880" ind1="0" ind2="0">
            <subfield code="6">245-03/$1</subfield>
            <subfield code="a">産大法学.</subfield>
          </datafield>
          <datafield tag="880" ind1="0" ind2="8">
            <subfield code="6">776-07/$1</subfield>
            <subfield code="i">Also issued on CD-Rom:</subfield>
            <subfield code="t">産大法学</subfield>
            <subfield code="w">(DLC)  2009211834</subfield>
            <subfield code="w">(OCoLC)317145541</subfield>
          </datafield>
          <datafield tag="853" ind1="0" ind2="0">
            <subfield code="8">1</subfield>
            <subfield code="a">v.</subfield>
            <subfield code="b">no.</subfield>
            <subfield code="g">no.</subfield>
            <subfield code="i">(year/year)</subfield>
            <subfield code="j">(month)</subfield>
            <subfield code="w">4</subfield>
            <subfield code="x">00</subfield>
          </datafield>
          <datafield tag="863" ind1="4" ind2="1">
            <subfield code="8">1</subfield>
            <subfield code="a">&lt;1&gt;</subfield>
            <subfield code="b">&lt;1&gt;</subfield>
            <subfield code="g">&lt;1&gt;</subfield>
            <subfield code="i">&lt;1967&gt;</subfield>
            <subfield code="j">&lt;Oct.&gt;</subfield>
            <subfield code="x">provisional</subfield>
          </datafield>
          <datafield tag="906" ind1=" " ind2=" ">
            <subfield code="a">JOURNAL</subfield>
          </datafield>
          <datafield tag="ADM" ind1=" " ind2=" ">
            <subfield code="b">2021-01-06 08:42:12</subfield>
            <subfield code="e">991042748151928</subfield>
            <subfield code="d">CKB</subfield>
            <subfield code="f">20100304133351.0</subfield>
            <subfield code="a">2012-02-25 22:10:52</subfield>
            <subfield code="c">false</subfield>
          </datafield>
          <datafield tag="PRT" ind1=" " ind2=" ">
            <subfield code="i">61410302080003811</subfield>
            <subfield code="updated">2019-07-22 17:49:21</subfield>
            <subfield code="e">ERDB-JP</subfield>
            <subfield code="c">Freely Accessible Japanese Titles</subfield>
            <subfield code="created">2019-07-22 17:49:21</subfield>
            <subfield code="j">62410302070003811</subfield>
            <subfield code="a">53471294490003811</subfield>
            <subfield code="b">https://sandbox01-na.alma.exlibrisgroup.com/view/uresolver/01TULI_INST/openurl?u.ignore_date_coverage=true&amp;rft.mms_id=991037293201903811</subfield>
            <subfield code="g"> Available from 2004 volume: 38 issue: 1.</subfield>
            <subfield code="9">Available</subfield>
            <subfield code="h">613660000000000003</subfield>
            <subfield code="8">53471294490003811</subfield>
          </datafield>
        </record>
      </metadata>
    </record>