
    <record>
      <header>
        <identifier>oai:alma.01TULI_INST:991037293172403811</identifier>
        <datestamp>2021-01-06T09:57:05Z</datestamp>
        <setSpec>blacklight</setSpec>
        <setSpec>rapid_electronic_journals</setSpec>
        <setSpec>BrowZine</setSpec>
      </header>
      <metadata>
        <record xmlns="http://www.loc.gov/MARC21/slim" xmlns:xsi="http://www.w3.org/2001/XMLSchema-instance" xsi:schemaLocation="http://www.loc.gov/MARC21/slim http://www.loc.gov/standards/marcxml/schema/MARC21slim.xsd">
          <leader>02401nas--2200457-a-4500</leader>
          <controlfield tag="001">991037293172403811</controlfield>
          <controlfield tag="005">20210104172438.0</controlfield>
          <controlfield tag="008">960730c19519999ja-qr-p-o-----0---d0jpn-c</controlfield>
          <datafield tag="035" ind1=" " ind2=" ">
            <subfield code="a">(CKB)991042723441666</subfield>
          </datafield>
          <datafield tag="035" ind1=" " ind2=" ">
            <subfield code="a">(CONSER)---00207831-</subfield>
          </datafield>
          <datafield tag="035" ind1=" " ind2=" ">
            <subfield code="a">(EXLCZ)99991042723441666</subfield>
          </datafield>
          <datafield tag="041" ind1="0" ind2=" ">
            <subfield code="a">jpn</subfield>
            <subfield code="a">eng</subfield>
          </datafield>
          <datafield tag="042" ind1=" " ind2=" ">
            <subfield code="a">pcc</subfield>
          </datafield>
          <datafield tag="050" ind1="0" ind2="0">
            <subfield code="a">PN9</subfield>
            <subfield code="b">.K36</subfield>
          </datafield>
          <datafield tag="066" ind1=" " ind2=" ">
            <subfield code="c">$1</subfield>
          </datafield>
          <datafield tag="245" ind1="0" ind2="0">
            <subfield code="a">關西大学文学論集 [[カンサイダイガクブンガクロンシュウ]]</subfield>
            <subfield code="h">[electronic resource]</subfield>
          </datafield>
          <datafield tag="246" ind1=" " ind2=" ">
            <subfield code="a">Essays and studies</subfield>
          </datafield>
          <datafield tag="246" ind1=" " ind2=" ">
            <subfield code="a">Members of the Faculty of Letters</subfield>
          </datafield>
          <datafield tag="246" ind1=" " ind2=" ">
            <subfield code="a">關西大學文學論集</subfield>
          </datafield>
          <datafield tag="246" ind1=" " ind2=" ">
            <subfield code="a">かんさいだいがくぶんがくろんしゅう</subfield>
          </datafield>
          <datafield tag="246" ind1="3" ind2=" ">
            <subfield code="6">880-02</subfield>
            <subfield code="a">Bungaku ronshū</subfield>
          </datafield>
          <datafield tag="880" ind1="3" ind2=" ">
            <subfield code="6">246-02/$1</subfield>
            <subfield code="a">文學論集</subfield>
          </datafield>
          <datafield tag="246" ind1="1" ind2="3">
            <subfield code="a">Essays and studies by members of the Faculty of Letters</subfield>
          </datafield>
          <datafield tag="260" ind1=" " ind2=" ">
            <subfield code="6">880-03</subfield>
            <subfield code="a">Suita-shi :</subfield>
            <subfield code="b">Kansai Daigaku Bungakkai</subfield>
          </datafield>
          <datafield tag="880" ind1=" " ind2=" ">
            <subfield code="6">260-03/$1</subfield>
            <subfield code="a">吹田市 :</subfield>
            <subfield code="b">關西大學文學會</subfield>
          </datafield>
          <datafield tag="300" ind1=" " ind2=" ">
            <subfield code="a">1 online resource</subfield>
          </datafield>
          <datafield tag="310" ind1=" " ind2=" ">
            <subfield code="a">Quarterly</subfield>
          </datafield>
          <datafield tag="362" ind1="1" ind2=" ">
            <subfield code="a">Began in Nov. 1951.</subfield>
          </datafield>
          <datafield tag="546" ind1=" " ind2=" ">
            <subfield code="a">Chiefly in Japanese; some in English.</subfield>
          </datafield>
          <datafield tag="588" ind1=" " ind2=" ">
            <subfield code="a">Description based on: Dai 4-kan dai 3-gō (Shōwa 31-nen 1-gatsu [Jan. 1956]); title from cover.</subfield>
          </datafield>
          <datafield tag="588" ind1=" " ind2=" ">
            <subfield code="a">Latest issue consulted: Dai 56-kan dai 4-gō (Heisei 19-nen 3-gatsu [Mar. 2007]).</subfield>
          </datafield>
          <datafield tag="650" ind1=" " ind2="0">
            <subfield code="a">Literature</subfield>
            <subfield code="v">Periodicals.</subfield>
          </datafield>
          <datafield tag="650" ind1=" " ind2="0">
            <subfield code="a">Language and languages</subfield>
            <subfield code="v">Periodicals.</subfield>
          </datafield>
          <datafield tag="655" ind1=" " ind2="0">
            <subfield code="a">Electronic journals.</subfield>
          </datafield>
          <datafield tag="710" ind1="2" ind2=" ">
            <subfield code="6">880-04</subfield>
            <subfield code="a">Kansai Daigaku.</subfield>
            <subfield code="b">Bungakkai.</subfield>
          </datafield>
          <datafield tag="880" ind1="2" ind2=" ">
            <subfield code="6">710-04/$1</subfield>
            <subfield code="a">關西大學.</subfield>
            <subfield code="b">文學會.</subfield>
          </datafield>
          <datafield tag="776" ind1="0" ind2="8">
            <subfield code="i">Print version:</subfield>
            <subfield code="t">關西大学文学論集 [[カンサイダイガクブンガクロンシュウ]]</subfield>
            <subfield code="x">0421-4706</subfield>
            <subfield code="w">(DLC)---00207831-</subfield>
            <subfield code="w">(OCoLC)35216813</subfield>
          </datafield>
          <datafield tag="880" ind1="0" ind2="0">
            <subfield code="6">245-01/$1</subfield>
            <subfield code="a">關西大學文學論集.</subfield>
          </datafield>
          <datafield tag="853" ind1="0" ind2="2">
            <subfield code="8">1</subfield>
            <subfield code="a">v.</subfield>
            <subfield code="b">no.</subfield>
            <subfield code="u">4</subfield>
            <subfield code="v">r</subfield>
            <subfield code="i">(year)</subfield>
            <subfield code="j">(month)</subfield>
          </datafield>
          <datafield tag="863" ind1="4" ind2="0">
            <subfield code="8">1</subfield>
            <subfield code="a">&lt;1&gt;</subfield>
            <subfield code="b">&lt;1&gt;-</subfield>
            <subfield code="i">&lt;1951&gt;-</subfield>
            <subfield code="x">provisional</subfield>
          </datafield>
          <datafield tag="906" ind1=" " ind2=" ">
            <subfield code="a">JOURNAL</subfield>
          </datafield>
          <datafield tag="920" ind1=" " ind2=" ">
            <subfield code="a">exl_impl conversion</subfield>
          </datafield>
          <datafield tag="ADM" ind1=" " ind2=" ">
            <subfield code="b">2021-01-06 08:42:44</subfield>
            <subfield code="e">991042723441666</subfield>
            <subfield code="d">CKB</subfield>
            <subfield code="f">20130308212611.0</subfield>
            <subfield code="a">2012-02-26 02:30:31</subfield>
            <subfield code="c">false</subfield>
          </datafield>
          <datafield tag="PRT" ind1=" " ind2=" ">
            <subfield code="i">61410302080003811</subfield>
            <subfield code="updated">2021-01-05 15:40:17</subfield>
            <subfield code="e">ERDB-JP</subfield>
            <subfield code="c">Freely Accessible Japanese Titles</subfield>
            <subfield code="created">2019-07-22 17:51:08</subfield>
            <subfield code="j">62410302070003811</subfield>
            <subfield code="a">53471415640003811</subfield>
            <subfield code="b">https://sandbox01-na.alma.exlibrisgroup.com/view/uresolver/01TULI_INST/openurl?u.ignore_date_coverage=true&amp;rft.mms_id=991037293172403811</subfield>
            <subfield code="g"> Available from 1983 volume: 32 issue: 3.</subfield>
            <subfield code="9">Available</subfield>
            <subfield code="h">613660000000000003</subfield>
            <subfield code="8">53471415640003811</subfield>
          </datafield>
        </record>
      </metadata>
    </record>