
    <record>
      <header>
        <identifier>oai:alma.01TULI_INST:991037293202403811</identifier>
        <datestamp>2021-01-06T09:57:05Z</datestamp>
        <setSpec>blacklight</setSpec>
        <setSpec>rapid_electronic_journals</setSpec>
        <setSpec>BrowZine</setSpec>
      </header>
      <metadata>
        <record xmlns="http://www.loc.gov/MARC21/slim" xmlns:xsi="http://www.w3.org/2001/XMLSchema-instance" xsi:schemaLocation="http://www.loc.gov/MARC21/slim http://www.loc.gov/standards/marcxml/schema/MARC21slim.xsd">
          <leader>01880nas--22005057a-4500</leader>
          <controlfield tag="001">991037293202403811</controlfield>
          <controlfield tag="005">20210104165132.0</controlfield>
          <controlfield tag="008">830922c19519999ja-ar-p-o-----0---d0jpnrd</controlfield>
          <datafield tag="010" ind1=" " ind2=" ">
            <subfield code="a">sn 85006193</subfield>
          </datafield>
          <datafield tag="015" ind1=" " ind2=" ">
            <subfield code="a">014177463</subfield>
            <subfield code="2">dnb</subfield>
          </datafield>
          <datafield tag="016" ind1="7" ind2=" ">
            <subfield code="a">014177463</subfield>
            <subfield code="2">DE-101</subfield>
          </datafield>
          <datafield tag="016" ind1="7" ind2=" ">
            <subfield code="a">765212-4</subfield>
            <subfield code="2">DE-600</subfield>
          </datafield>
          <datafield tag="016" ind1="7" ind2=" ">
            <subfield code="a">17420190R</subfield>
            <subfield code="2">DNLM</subfield>
          </datafield>
          <datafield tag="016" ind1="7" ind2=" ">
            <subfield code="a">H17380000</subfield>
            <subfield code="z">P34960000</subfield>
            <subfield code="2">DNLM</subfield>
          </datafield>
          <datafield tag="022" ind1=" " ind2=" ">
            <subfield code="a">0441-2559</subfield>
          </datafield>
          <datafield tag="030" ind1=" " ind2=" ">
            <subfield code="a">HYDKAK</subfield>
          </datafield>
          <datafield tag="035" ind1=" " ind2=" ">
            <subfield code="a">(OCoLC)9937912</subfield>
          </datafield>
          <datafield tag="035" ind1=" " ind2=" ">
            <subfield code="a">(CKB)110978979778937</subfield>
          </datafield>
          <datafield tag="035" ind1=" " ind2=" ">
            <subfield code="a">(CONSER)sn-85006193-</subfield>
          </datafield>
          <datafield tag="035" ind1=" " ind2=" ">
            <subfield code="a">(EXLCZ)99110978979778937</subfield>
          </datafield>
          <datafield tag="041" ind1="0" ind2=" ">
            <subfield code="a">jpn</subfield>
            <subfield code="a">eng</subfield>
          </datafield>
          <datafield tag="042" ind1=" " ind2=" ">
            <subfield code="a">nsdp</subfield>
          </datafield>
          <datafield tag="060" ind1="0" ind2="0">
            <subfield code="a">W1</subfield>
            <subfield code="b">HO69FN</subfield>
          </datafield>
          <datafield tag="210" ind1=" " ind2=" ">
            <subfield code="a">PROC HOSHI UNIV</subfield>
          </datafield>
          <datafield tag="210" ind1="0" ind2=" ">
            <subfield code="a">Hoshi Yakka Daigaku kiyō</subfield>
          </datafield>
          <datafield tag="222" ind1=" " ind2="0">
            <subfield code="a">Hoshi Yakka Daigaku kiyō</subfield>
          </datafield>
          <datafield tag="245" ind1=" " ind2="0">
            <subfield code="a">星薬科大学紀要 [[ホシヤッカダイガクキヨウ]]</subfield>
          </datafield>
          <datafield tag="246" ind1=" " ind2=" ">
            <subfield code="a">THE PROCEEDINGS OF THE HOSHI COLLEGE OF PHARMACY</subfield>
          </datafield>
          <datafield tag="246" ind1=" " ind2=" ">
            <subfield code="a">HOSHI YAKKA DAIGAKU KIYO</subfield>
          </datafield>
          <datafield tag="246" ind1=" " ind2=" ">
            <subfield code="a">ほしやっかだいがくきよう</subfield>
          </datafield>
          <datafield tag="246" ind1="3" ind2="1">
            <subfield code="a">Annual report of the Hoshi College of Pharmacy</subfield>
            <subfield code="f">1951-1963</subfield>
          </datafield>
          <datafield tag="246" ind1="3" ind2="1">
            <subfield code="a">Proceedings of the Hoshi College of Pharmacy</subfield>
            <subfield code="f">1971-</subfield>
          </datafield>
          <datafield tag="260" ind1=" " ind2=" ">
            <subfield code="a">Tōkyō :</subfield>
            <subfield code="b">Dō Daigaku,</subfield>
            <subfield code="c">Shōwa 26 [1951]-</subfield>
          </datafield>
          <datafield tag="300" ind1=" " ind2=" ">
            <subfield code="a">volumes :</subfield>
            <subfield code="b">illustrations</subfield>
          </datafield>
          <datafield tag="310" ind1=" " ind2=" ">
            <subfield code="a">Annual</subfield>
          </datafield>
          <datafield tag="336" ind1=" " ind2=" ">
            <subfield code="a">text</subfield>
            <subfield code="b">txt</subfield>
            <subfield code="2">rdacontent</subfield>
          </datafield>
          <datafield tag="337" ind1=" " ind2=" ">
            <subfield code="a">unmediated</subfield>
            <subfield code="b">n</subfield>
            <subfield code="2">rdamedia</subfield>
          </datafield>
          <datafield tag="338" ind1=" " ind2=" ">
            <subfield code="a">volume</subfield>
            <subfield code="b">nc</subfield>
            <subfield code="2">rdacarrier</subfield>
          </datafield>
          <datafield tag="362" ind1="0" ind2=" ">
            <subfield code="a">1 (Shōwa 26-nen 10-gatsu [1951])-</subfield>
          </datafield>
          <datafield tag="500" ind1=" " ind2=" ">
            <subfield code="a">Parallel title: The proceedings of the Hoshi College of Pharmacy, 1971-</subfield>
          </datafield>
          <datafield tag="510" ind1="2" ind2=" ">
            <subfield code="a">Chemical abstracts</subfield>
            <subfield code="x">0009-2258</subfield>
          </datafield>
          <datafield tag="515" ind1=" " ind2=" ">
            <subfield code="a">Suspended 1964-1970.</subfield>
          </datafield>
          <datafield tag="546" ind1=" " ind2=" ">
            <subfield code="a">In Japanese and English, with summaries in English.</subfield>
          </datafield>
          <datafield tag="650" ind1=" " ind2="2">
            <subfield code="a">Pharmacology.</subfield>
          </datafield>
          <datafield tag="710" ind1="2" ind2=" ">
            <subfield code="a">Hoshi Yakka Daigaku.</subfield>
          </datafield>
          <datafield tag="906" ind1=" " ind2=" ">
            <subfield code="a">JOURNAL</subfield>
          </datafield>
          <datafield tag="ADM" ind1=" " ind2=" ">
            <subfield code="b">2021-01-06 04:35:33</subfield>
            <subfield code="e">110978979778937</subfield>
            <subfield code="d">CKB</subfield>
            <subfield code="a">2012-02-26 00:54:59</subfield>
            <subfield code="c">false</subfield>
          </datafield>
          <datafield tag="PRT" ind1=" " ind2=" ">
            <subfield code="i">61410302080003811</subfield>
            <subfield code="updated">2019-07-22 17:49:18</subfield>
            <subfield code="e">ERDB-JP</subfield>
            <subfield code="c">Freely Accessible Japanese Titles</subfield>
            <subfield code="created">2019-07-22 17:49:18</subfield>
            <subfield code="j">62410302070003811</subfield>
            <subfield code="a">53471294640003811</subfield>
            <subfield code="b">https://sandbox01-na.alma.exlibrisgroup.com/view/uresolver/01TULI_INST/openurl?u.ignore_date_coverage=true&amp;rft.mms_id=991037293202403811</subfield>
            <subfield code="g"> Available from 1951 volume: 1.</subfield>
            <subfield code="9">Available</subfield>
            <subfield code="h">613660000000000003</subfield>
            <subfield code="8">53471294640003811</subfield>
          </datafield>
        </record>
      </metadata>
    </record>