
    <record>
      <header>
        <identifier>oai:alma.01TULI_INST:991037293201303811</identifier>
        <datestamp>2021-01-05T21:52:48Z</datestamp>
        <setSpec>blacklight</setSpec>
        <setSpec>rapid_electronic_journals</setSpec>
        <setSpec>BrowZine</setSpec>
      </header>
      <metadata>
        <record xmlns="http://www.loc.gov/MARC21/slim" xmlns:xsi="http://www.w3.org/2001/XMLSchema-instance" xsi:schemaLocation="http://www.loc.gov/MARC21/slim http://www.loc.gov/standards/marcxml/schema/MARC21slim.xsd">
          <leader>00510cas-a2200133z--4500</leader>
          <controlfield tag="001">991037293201303811</controlfield>
          <controlfield tag="005">20160620165159.0</controlfield>
          <controlfield tag="008">141020uuuuuuuuuuuuuu-p-o----u|----|jpn-d</controlfield>
          <datafield tag="022" ind1=" " ind2=" ">
            <subfield code="a">0919-6536</subfield>
          </datafield>
          <datafield tag="035" ind1=" " ind2=" ">
            <subfield code="a">(CKB)1000000000288378</subfield>
          </datafield>
          <datafield tag="035" ind1=" " ind2=" ">
            <subfield code="a">(EXLCZ)991000000000288378</subfield>
          </datafield>
          <datafield tag="245" ind1="0" ind2="0">
            <subfield code="a">調査研究報告 [[チョウサケンキュウホウコク]]</subfield>
          </datafield>
          <datafield tag="246" ind1=" " ind2=" ">
            <subfield code="a">OCCASIONAL PAPERS</subfield>
          </datafield>
          <datafield tag="260" ind1=" " ind2=" ">
            <subfield code="a">東京</subfield>
            <subfield code="b">学習院大学</subfield>
          </datafield>
          <datafield tag="906" ind1=" " ind2=" ">
            <subfield code="a">JOURNAL</subfield>
          </datafield>
          <datafield tag="ADM" ind1=" " ind2=" ">
            <subfield code="b">2020-05-17 01:53:46</subfield>
            <subfield code="e">1000000000288378</subfield>
            <subfield code="d">CKB</subfield>
            <subfield code="a">2012-02-25 21:31:00</subfield>
            <subfield code="c">false</subfield>
          </datafield>
          <datafield tag="PRT" ind1=" " ind2=" ">
            <subfield code="i">61410302080003811</subfield>
            <subfield code="updated">2021-01-05 15:40:09</subfield>
            <subfield code="e">ERDB-JP</subfield>
            <subfield code="c">Freely Accessible Japanese Titles</subfield>
            <subfield code="created">2019-07-22 17:49:24</subfield>
            <subfield code="j">62410302070003811</subfield>
            <subfield code="a">53471294310003811</subfield>
            <subfield code="b">https://sandbox01-na.alma.exlibrisgroup.com/view/uresolver/01TULI_INST/openurl?u.ignore_date_coverage=true&amp;rft.mms_id=991037293201303811</subfield>
            <subfield code="g"> Available from 1977 volume: 16 until 2013 volume: 58.</subfield>
            <subfield code="9">Available</subfield>
            <subfield code="h">613660000000000003</subfield>
            <subfield code="8">53471294310003811</subfield>
          </datafield>
        </record>
      </metadata>
    </record>