
    <record>
      <header>
        <identifier>oai:alma.01TULI_INST:991037293172503811</identifier>
        <datestamp>2021-01-06T09:57:03Z</datestamp>
        <setSpec>blacklight</setSpec>
        <setSpec>rapid_electronic_journals</setSpec>
        <setSpec>BrowZine</setSpec>
      </header>
      <metadata>
        <record xmlns="http://www.loc.gov/MARC21/slim" xmlns:xsi="http://www.w3.org/2001/XMLSchema-instance" xsi:schemaLocation="http://www.loc.gov/MARC21/slim http://www.loc.gov/standards/marcxml/schema/MARC21slim.xsd">
          <leader>03267nas--2200601-a-4500</leader>
          <controlfield tag="001">991037293172503811</controlfield>
          <controlfield tag="005">20210104165144.0</controlfield>
          <controlfield tag="008">790612d19521996ja-ar-p-o-----0---d0jpnrc</controlfield>
          <datafield tag="010" ind1=" " ind2=" ">
            <subfield code="a">   00226039</subfield>
          </datafield>
          <datafield tag="015" ind1=" " ind2=" ">
            <subfield code="a">014565471</subfield>
            <subfield code="2">dnb</subfield>
          </datafield>
          <datafield tag="016" ind1="7" ind2=" ">
            <subfield code="a">845349-4</subfield>
            <subfield code="2">DE-600</subfield>
          </datafield>
          <datafield tag="016" ind1="7" ind2=" ">
            <subfield code="a">014565471</subfield>
            <subfield code="2">de-101</subfield>
          </datafield>
          <datafield tag="016" ind1="7" ind2=" ">
            <subfield code="a">8453494</subfield>
            <subfield code="2">de-600</subfield>
          </datafield>
          <datafield tag="022" ind1=" " ind2=" ">
            <subfield code="a">0368-5136</subfield>
          </datafield>
          <datafield tag="030" ind1=" " ind2=" ">
            <subfield code="a">KDRHAZ</subfield>
          </datafield>
          <datafield tag="035" ind1=" " ind2=" ">
            <subfield code="a">(OCoLC)5056459</subfield>
          </datafield>
          <datafield tag="035" ind1=" " ind2=" ">
            <subfield code="a">(CKB)111016560239506</subfield>
          </datafield>
          <datafield tag="035" ind1=" " ind2=" ">
            <subfield code="a">(CONSER)---00226039-</subfield>
          </datafield>
          <datafield tag="035" ind1=" " ind2=" ">
            <subfield code="a">(EXLCZ)99111016560239506</subfield>
          </datafield>
          <datafield tag="041" ind1="0" ind2=" ">
            <subfield code="a">jpn</subfield>
            <subfield code="a">eng</subfield>
            <subfield code="b">eng</subfield>
            <subfield code="f">eng</subfield>
          </datafield>
          <datafield tag="042" ind1=" " ind2=" ">
            <subfield code="a">pcc</subfield>
          </datafield>
          <datafield tag="043" ind1=" " ind2=" ">
            <subfield code="a">a-ja---</subfield>
          </datafield>
          <datafield tag="050" ind1=" " ind2="4">
            <subfield code="a">Q4</subfield>
            <subfield code="b">.K34</subfield>
          </datafield>
          <datafield tag="066" ind1=" " ind2=" ">
            <subfield code="c">$1</subfield>
          </datafield>
          <datafield tag="210" ind1=" " ind2=" ">
            <subfield code="a">SCIENCE REPORTS OF KAGOSHIMA UNIVERSITY</subfield>
          </datafield>
          <datafield tag="245" ind1="0" ind2="0">
            <subfield code="a">鹿兒島大学理科報告 [[カゴシマダイガクリカホウコク]]</subfield>
          </datafield>
          <datafield tag="246" ind1=" " ind2=" ">
            <subfield code="a">かごしまだいがくりかほうこく</subfield>
          </datafield>
          <datafield tag="246" ind1="3" ind2=" ">
            <subfield code="6">880-02</subfield>
            <subfield code="a">Rika hōkoku</subfield>
          </datafield>
          <datafield tag="880" ind1="3" ind2="0">
            <subfield code="6">246-02/$1</subfield>
            <subfield code="a">理科報告</subfield>
          </datafield>
          <datafield tag="246" ind1="1" ind2="5">
            <subfield code="a">Science reports of the Kagoshima University</subfield>
            <subfield code="f">1952-&lt;1955&gt;</subfield>
          </datafield>
          <datafield tag="246" ind1="1" ind2="5">
            <subfield code="a">Science reports of Kagoshima University</subfield>
            <subfield code="f">&lt;1957&gt;-1996</subfield>
          </datafield>
          <datafield tag="260" ind1=" " ind2=" ">
            <subfield code="a">Kagoshima-shi :</subfield>
            <subfield code="b">Kagoshima Daigaku Bunrigakubu,</subfield>
            <subfield code="c">Shōwa 27 [1952]-Heisei 8 [1996]</subfield>
          </datafield>
          <datafield tag="300" ind1=" " ind2=" ">
            <subfield code="a">45 v. :</subfield>
            <subfield code="b">ill. ;</subfield>
            <subfield code="c">26 cm.</subfield>
          </datafield>
          <datafield tag="310" ind1=" " ind2=" ">
            <subfield code="a">Annual</subfield>
          </datafield>
          <datafield tag="362" ind1="0" ind2=" ">
            <subfield code="a">Dai 1-gō (1952)-dai 45-gō (1996).</subfield>
          </datafield>
          <datafield tag="500" ind1=" " ind2=" ">
            <subfield code="a">Title from cover.</subfield>
          </datafield>
          <datafield tag="510" ind1="2" ind2=" ">
            <subfield code="a">Chemical abstracts</subfield>
            <subfield code="x">0009-2258</subfield>
            <subfield code="b">1952-1985</subfield>
          </datafield>
          <datafield tag="546" ind1=" " ind2=" ">
            <subfield code="a">Japanese and English; table of contents and summaries in English.</subfield>
          </datafield>
          <datafield tag="550" ind1=" " ind2=" ">
            <subfield code="a">Issued by: Kagoshima Daigaku Kyōyōbu, 1968-1996.</subfield>
          </datafield>
          <datafield tag="580" ind1=" " ind2=" ">
            <subfield code="a">Merged with: Kagoshima Daigaku Rigakubu kiyō. Chigaku, seibutsusugaku, and: Kagoshima Daigaku Rigakubu kiyō. Sūgaku, butsurigaku, kagaku, to form: Kagoshima Daigaku Rigakubu kiyō (1997). Cf. Kagoshima Daigaku Rigakubu kiyō (1997), p. [3] of cover.</subfield>
          </datafield>
          <datafield tag="650" ind1=" " ind2="0">
            <subfield code="a">Science</subfield>
            <subfield code="v">Periodicals.</subfield>
          </datafield>
          <datafield tag="650" ind1=" " ind2="0">
            <subfield code="a">Natural history</subfield>
            <subfield code="v">Periodicals.</subfield>
          </datafield>
          <datafield tag="650" ind1=" " ind2="7">
            <subfield code="a">Natural history.</subfield>
            <subfield code="2">fast</subfield>
            <subfield code="0">(OCoLC)fst01034268</subfield>
          </datafield>
          <datafield tag="650" ind1=" " ind2="7">
            <subfield code="a">Science.</subfield>
            <subfield code="2">fast</subfield>
            <subfield code="0">(OCoLC)fst01108176</subfield>
          </datafield>
          <datafield tag="655" ind1=" " ind2="7">
            <subfield code="a">Periodicals.</subfield>
            <subfield code="2">fast</subfield>
            <subfield code="0">(OCoLC)fst01411641</subfield>
          </datafield>
          <datafield tag="710" ind1="2" ind2=" ">
            <subfield code="6">880-03</subfield>
            <subfield code="a">Kagoshima Daigaku.</subfield>
            <subfield code="b">Bunrigakubu.</subfield>
          </datafield>
          <datafield tag="880" ind1="2" ind2=" ">
            <subfield code="6">710-03/$1</subfield>
            <subfield code="a">鹿児島大学.</subfield>
            <subfield code="b">文理学部.</subfield>
          </datafield>
          <datafield tag="710" ind1="2" ind2=" ">
            <subfield code="6">880-04</subfield>
            <subfield code="a">Kagoshima Daigaku.</subfield>
            <subfield code="b">Kyōyōbu.</subfield>
          </datafield>
          <datafield tag="880" ind1="2" ind2=" ">
            <subfield code="6">710-04/$1</subfield>
            <subfield code="a">鹿児島大学.</subfield>
            <subfield code="b">教養部.</subfield>
          </datafield>
          <datafield tag="880" ind1="0" ind2="0">
            <subfield code="6">245-01/$1</subfield>
            <subfield code="a">鹿兒島大学理科報告.</subfield>
          </datafield>
          <datafield tag="880" ind1="1" ind2="7">
            <subfield code="6">785-05/$1</subfield>
            <subfield code="t">鹿児島大学理学部紀要. 地学・生物学</subfield>
            <subfield code="x">0385-4019</subfield>
            <subfield code="w">(DLC)sn 86012303</subfield>
            <subfield code="w">(OCoLC)9437895</subfield>
          </datafield>
          <datafield tag="880" ind1="1" ind2="7">
            <subfield code="6">785-06/$1</subfield>
            <subfield code="t">鹿児島大学理学部紀要. 数学・物理・化学</subfield>
            <subfield code="x">0385-4027</subfield>
            <subfield code="w">(DLC)sn 86001025</subfield>
            <subfield code="w">(OCoLC)9438794</subfield>
          </datafield>
          <datafield tag="880" ind1="1" ind2="7">
            <subfield code="6">785-07/$1</subfield>
            <subfield code="t">鹿児島大学理学部紀要 (1997)</subfield>
            <subfield code="x">1345-6938</subfield>
            <subfield code="w">(DLC)  2001225226</subfield>
            <subfield code="w">(OCoLC)46863297</subfield>
          </datafield>
          <datafield tag="906" ind1=" " ind2=" ">
            <subfield code="a">JOURNAL</subfield>
          </datafield>
          <datafield tag="ADM" ind1=" " ind2=" ">
            <subfield code="b">2021-01-06 04:36:02</subfield>
            <subfield code="e">111016560239506</subfield>
            <subfield code="d">CKB</subfield>
            <subfield code="a">2012-02-25 23:51:58</subfield>
            <subfield code="c">false</subfield>
          </datafield>
          <datafield tag="PRT" ind1=" " ind2=" ">
            <subfield code="i">61410302080003811</subfield>
            <subfield code="updated">2019-07-22 17:51:07</subfield>
            <subfield code="e">ERDB-JP</subfield>
            <subfield code="c">Freely Accessible Japanese Titles</subfield>
            <subfield code="created">2019-07-22 17:51:07</subfield>
            <subfield code="j">62410302070003811</subfield>
            <subfield code="a">53471415670003811</subfield>
            <subfield code="b">https://sandbox01-na.alma.exlibrisgroup.com/view/uresolver/01TULI_INST/openurl?u.ignore_date_coverage=true&amp;rft.mms_id=991037293172503811</subfield>
            <subfield code="g"> Available from 1977 volume: 26 until 1986 volume: 43.</subfield>
            <subfield code="9">Available</subfield>
            <subfield code="h">613660000000000003</subfield>
            <subfield code="8">53471415670003811</subfield>
          </datafield>
        </record>
      </metadata>
    </record>